1844 3140
141 198 177 235 ,g
796 180 1063 222 —4—

168 317 192 347 e
231 316 318 357 qua
361 301 634 358 Sosipatrum
675 300 720 343 in
761 301 851 343 XII
896 301 1144 357 eclogarum
1190 302 1325 345 multa
1371 301 1670 359 desumpsisse

172 377 355 422 Photius
386 376 493 421 bibl.
527 375 622 420 cod.
657 376 796 420 CLXI
826 379 1024 421 testatur.

290 487 385 529 Iam
418 484 457 528 si
488 483 750 541 quaerimus,
782 497 885 527 num
908 485 1160 530 Athenaeus
1184 487 1291 530 satis
1317 487 1531 543 integram
1557 502 1675 544 pom-

169 576 254 618 pae
297 560 634 617 descriptionem
685 560 908 618 exhibeat,
957 562 1098 618 primo
1144 563 1240 607 loco
1286 564 1546 607 monendum
1596 569 1674 620 est,

168 637 313 693 ipsum
362 635 635 679 Callixenum
689 634 926 691 perfectam
979 636 1309 691 absolutamque
1347 637 1674 682 *enarrationem

168 711 361 769 proferre
392 709 599 753 noluisse.
662 710 774 753 Nam
817 724 913 753 eam
955 711 1094 754 solam
1133 726 1320 769 pompae
1357 718 1546 769 partem,
1589 726 1676 767 qua

167 786 366 831 Bacchus
399 785 662 841 celebratur,
711 785 977 842 accuratius,
997 774 1001 777 ⁴
1019 799 1071 829 ac
1101 800 1157 830 ne
1187 787 1300 830 hanc
1331 787 1503 842 quidem
1536 792 1671 831 totam

166 862 403 918 describit,
460 859 576 915 quod
634 864 818 916 apparet
876 874 929 904 ex
981 860 1122 917 ipsius
1167 862 1340 906 verbis:
1386 877 1488 919 pag.
1537 864 1620 906 201
1639 863 1671 905 f.

165 937 379 986 πολλῶν
430 926 524 984 οὖν
569 936 653 982 καὶ
697 935 949 984 ποικίλων
984 936 1271 1001 εἰρημένων
1306 938 1363 987 ἕν
1399 945 1511 996 ταῖς
1544 956 1673 1001 πομ-

165 1022 289 1073 παῖς
323 1013 534 1071 ταύταις
565 1012 704 1076 μόνα
740 1012 1111 1077 ἐξελεξάμεθα,
1159 1014 1216 1062 ἓν
1265 1006 1344 1073 οἷς
1376 1006 1438 1081 ἧν
1470 1014 1671 1082 χρυσὸς

167 1095 251 1142 καὶ
289 1092 543 1158 ἄργυρος·
582 1093 666 1139 καὶ
706 1090 803 1157 γὰρ
842 1091 1101 1150 διαθέσεις
1126 1094 1316 1142 πολλαὶ
1352 1091 1510 1159 ἀκοῆς
1537 1084 1672 1159 ἦσαν

166 1170 303 1227 ἄξιαι
353 1172 437 1218 καὶ
489 1169 691 1235 θηρίων
745 1170 925 1235 πλήθη
986 1172 1068 1218 καὶ
1117 1170 1289 1220 ἵππων
1345 1174 1428 1219 καὶ
1474 1172 1672 1229 λέοντες

165 1237 514 1312 παμμεγέθεις
539 1245 708 1308 εἴκοςῐι
746 1248 829 1294 καὶ
858 1248 1134 1310 τέσσαρες·
1164 1239 1299 1314 ἦσαν
1330 1248 1381 1295 δὲ
1407 1250 1490 1296 καὶ
1521 1246 1671 1296 ἄλλαι

164 1325 503 1388 τετράκυκλοι
541 1321 600 1372 οὗ
638 1324 806 1387 μόνον
841 1325 1048 1383 εἵκόνας
1096 1326 1354 1388 βασιλέων
1396 1328 1669 1389 φέρουσαι,

169 1402 301 1452 ἀλλὰ
341 1404 425 1451 καὶ
463 1405 599 1451 θεῶν
635 1402 889 1462 nomast).
953 1404 1093 1459 Igitur
1126 1405 1375 1449 Callixenus
1406 1418 1493 1447 non
1525 1404 1671 1448 omnia

167 1482 458 1538 enumeravit,
491 1482 572 1525 sed
604 1496 658 1525 ea
689 1482 870 1538 solum,.
887 1494 1019 1538 quae,
1063 1495 1169 1525 auro
1200 1482 1270 1525 vel
1301 1487 1481 1537 argento
1514 1483 1668 1539 efficta,

166 1561 408 1600 memoratu
440 1557 577 1612 digna
608 1553 706 1601 esse
737 1557 825 1613 ipsi
853 1557 1129 1600 videbantur.
1176 1558 1422 1601 Dolendum
1453 1572 1556 1601 vero
1589 1562 1667 1614 est,
1693 1572 1696 1578 ·

164 1646 221 1675 ne
262 1632 376 1675 hanc
407 1631 594 1692 ‘quidem
636 1645 836 1674 mancam
878 1627 1213 1688 descriptionem
1256 1636 1444 1675 aetatem
1475 1636 1669 1675 nostram

166 1709 332 1752 tulisse.
394 1708 520 1751 Hanc
560 1708 675 1751 enim
715 1708 965 1751 Athenaeus
1006 1708 1134 1752 valde
1177 1708 1446 1751 decurtatam
1478 1708 1669 1751 servavit

165 1786 212 1828 id
243 1784 361 1839 quod
392 1788 576 1840 apparet
608 1797 663 1826 ex
693 1783 875 1826 Masurii
905 1783 1064 1839 verbis,
1098 1796 1225 1837 quem
1257 1782 1312 1825 de
1345 1770 1570 1826 Callikeno
1603 1783 1664 1826 di-

165 1865 333 1905 centem
365 1859 472 1904 facit
504 1858 564 1917 (p.
583 1859 667 1902 201
686 1858 734 1917 b)
768 1856 930 1906 εἵπών
968 1857 1020 1905 δὲ·
1053 1858 1135 1905 καὶ
1175 1855 1305 1905 άλλα
1340 1857 1558 1906 πλεῖστα
1586 1859 1668 1905 καὶ

165 1937 448 1995 καταλέξας
466 1936 612 2002 ζῴων
632 1933 868 2000 αγέλαςῦ
842 1937 1071 1997 επιφέρει
1098 1936 1203 1982 κτλ.
1245 1936 1438 1987 Quocum
1470 1936 1668 1980 conferas

165 2029 278 2072 quae
309 2030 352 2073 p.
386 2016 519 2060 2033
548 2015 751 2071 leguntur
780 2012 930 2072 ἐκτὸς
967 2013 1011 2061 δ’
1016 2009 1089 2062 ὧν
1121 2012 1315 2072 πάντες
1352 2011 1497 2062 οὗτοι
1528 2007 1668 2080 εἶχον

164 2095 506 2149 πανοπλιῶν,
557 2093 641 2139 καὶ
675 2090 834 2139 ἄλλαι
868 2093 1107 2139 πλεῖσται
1145 2082 1279 2155 ἦσαν
1318 2089 1666 2153 ἇποκείιιεναι,

165 2191 241 2221 ων
283 2168 403 2220 οῦδὲ
442 2169 535 2219 τὸν
581 2166 809 2233 αριθμὸν
858 2166 1156 2260 ἀναγράψαι
1205 2167 1414 2235 ράδιον,
1461 2170 1519 2214 ad
1557 2184 1668 2226 quae

162 2250 382 2293 Masurius
413 2249 559 2292 addit.
607 2246 836 2303 κατέλεξε
874 2247 919 2294 δ’
924 2246 1085 2295 αὐτὸν
1123 2245 1149 2294 ὅ
1188 2246 1533 2305 Καλλίξενος,
1576 2249 1667 2303 qui-

162 2328 246 2371 bus
277 2326 427 2371 verbis
458 2326 703 2383 profitetur,
738 2338 785 2369 se
811 2325 967 2382 multa,
1000 2338 1111 2380 quae
1144 2325 1395 2369 Callixenus
1426 2326 1665 2382 protulerit,

161 2403 377 2446 omisisse.
441 2402 615 2445 Deinde
647 2406 694 2444 ut
726 2401 1060 2458 constituamuS,
1099 2415 1210 2456 quae
1240 2402 1310 2445 his
1341 2402 1578 2459 excerptis,
1619 2407 1667 2445 ut

160 2477 225 2522 ita
255 2476 412 2535 dicam,
445 2476 681 2521 tribuenda
706 2477 763 2521 sit
787 2476 1038 2534 auctoritaS,
1071 2476 1312 2535 videamus,
1345 2492 1368 2522 e
1395 2478 1553 2534 quibus
1574 2477 1665 2522 fon-

161 2554 280 2597 tibus
312 2553 566 2598 Oallixenus
597 2553 804 2597 hauserit.
854 2553 952 2605 Qua
974 2553 1019 2595 in
1041 2566 1088 2596 re
1114 2554 1404 2609 reputandum
1436 2559 1516 2611 est,
1550 2554 1666 2609 quod

261 2754 288 2800 ¹)
314 2753 361 2790 cf.
388 2766 475 2801 pag.
504 2755 611 2791 197d
636 2754 683 2790 to?
709 2756 754 2790 δὲ
779 2755 875 2792 κατὰ
898 2755 1018 2804 μέρος
1044 2754 1167 2791 αὐτῶν
1191 2758 1228 2791 εἴ
1252 2769 1307 2796 τις
1332 2757 1474 2791 εἰδέναι
1494 2753 1665 2802 βούλεται

160 2813 229 2857 τοῖς
255 2815 330 2850 τῶν
353 2815 630 2865 πεντετηρίδων
653 2814 806 2866 γραφεὶς
831 2814 1029 2863 λαμβάνων
1055 2815 1306 2852 ἐπισκοπείτω.
