1844 3140
774 237 1071 280 ,28-

170 360 289 403 illius
329 359 524 414 regionis
563 359 765 404 fertilitas
803 359 1033 402 indicatur.
1096 360 1189 402 Iam
1230 373 1338 417 opus
1369 375 1456 404 non
1489 365 1555 404 est
1585 374 1671 403 mo-

169 449 286 492 nere,
330 448 409 479 suo
450 435 546 479 loco
589 434 712 490 sequi
752 434 954 492 torcular,
996 439 1135 480 utrem
1165 435 1394 494 vinarium,
1429 436 1530 494 alia,
1562 449 1673 492 quae

170 511 228 554 ad
259 511 409 553 vinum
440 510 689 555 faciendum
721 515 933 567 spectant.
1433 515 1437 518 ’

287 588 507 630 Habemus
551 589 689 639 igitur
738 588 832 629 vini
879 589 1174 630 inventionem
1221 589 1399 640 Nysam,
1454 589 1673 630 Bacchum

167 665 386 705 Lenaeum
415 666 461 704 in
492 666 643 706 Asiam
672 664 947 718 translatum.
982 687 1040 692 —
1078 663 1130 704 In
1161 662 1380 705 veteribus
1413 662 1675 705 Graecorum

168 737 357 780 Lenaeis
398 750 604 794 pompam
647 737 747 780 duci
790 737 963 779 solitam
994 735 1130 779 fuisse
1162 739 1345 792 apparet
1376 750 1431 780 ex
1461 735 1556 778 loco
1587 736 1672 779 De-

168 812 408 855 mosthenis
447 811 551 855 Mid.
584 826 626 868 p.
660 812 760 868 517,
805 812 876 854 21.
948 809 1217 875 Εὐήγορος
1266 804 1427 867 εἶπεν,
1465 807 1590 860 ὅταν
1640 808 1668 876 ἦ

168 888 349 955 πομπὴ
386 876 417 955 ᾗ
455 891 525 955 τῷ
563 890 798 955 Διονύσῳ
836 889 892 939 ἓν
928 889 1171 953 Πειραιεῖ
1211 890 1295 936 καὶ
1341 888 1397 935 οἵ
1444 888 1673 954 κομῳδοὶ

168 968 252 1014 καὶ
303 968 359 1015 οἵ
403 967 662 1032 τραγῳδοὶ
711 970 794 1016 καὶ
844 967 872 1034 ἢ
907 968 990 1016 ἐπὶ
1028 965 1240 1032 Ληναίῳ
1276 966 1458 1032 πομπὴ
1496 968 1579 1014 καὶ
1617 967 1673 1015 οἵ

168 1045 428 1111 τραγῳδοὶ
474 1047 557 1093 καὶ
607 1045 665 1094 οἷ’
705 1045 944 1110 κωμῳδοὶ
1139 1045 1262 1110 μήτι
1314 1043 1499 1100 ἐξεῖναι
1542 1043 1670 1108 μήτε

169 1123 481 1188 ἐνεχυράσαι
507 1124 634 1188 μήτε
661 1124 941 1186 λαμβάνειν
968 1122 1143 1185 ἕτερον
1169 1123 1360 1186 ἑτέρου.
1409 1123 1534 1166 Hanc
1563 1134 1665 1164 vero

165 1215 385 1259 pompam,
417 1215 549 1257 quam
581 1202 723 1246 adhuc
754 1217 840 1246 non
872 1202 958 1246 nisi
990 1216 1045 1247 ex
1073 1202 1181 1246 artis
1202 1200 1493 1245 monumentis
1525 1197 1669 1254 cogni-

165 1282 256 1321 tam
293 1279 518 1333 habemus,
560 1279 767 1332 quoniam
806 1292 890 1332 quo
933 1279 1063 1321 modo
1096 1279 1338 1334 composita
1367 1276 1508 1331 fuerit,
1539 1290 1567 1318 a
1596 1289 1668 1318 ne-

165 1355 283 1398 mine
314 1353 521 1398 traditum
538 1358 617 1411 est,
650 1367 765 1397 nunc
797 1368 849 1398 ex
874 1354 1087 1398 Callixeni
1120 1348 1436 1412 descriptiones
1443 1350 1669 1394 restituere

164 1444 412 1487 possumus,
445 1430 548 1485 quia
578 1430 889 1487 Philadelphos
922 1430 1016 1473 sine
1040 1430 1173 1473 dubio
1188 1429 1397 1485 pristinos
1411 1428 1533 1484 ritus,
1567 1440 1667 1482 qua-

163 1508 228 1550 les
267 1506 313 1549 in
353 1506 543 1549 Lenaeis
585 1506 735 1549 traditi
778 1510 915 1562 erant,
956 1519 1034 1561 pro
1067 1505 1265 1561 exemplo
1296 1504 1461 1547 habuit.
1524 1505 1668 1547 Haece

162 1581 295 1638 igitur
325 1580 499 1625 fuerunt
522 1596 716 1639 pompae
748 1581 944 1623 Lenaeae
968 1588 1149 1638 partes:

285 1656 508 1711 Torcular,
563 1656 609 1698 in
666 1669 751 1710 quo
799 1656 937 1710 satyri
984 1656 1133 1698 vinum
1179 1656 1452 1712 torquebant,
1513 1655 1670 1718 μέλος

162 1732 430 1798 ἐπιλήνιον
465 1730 698 1797 ᾄδοντες,
729 1737 824 1777 uter
855 1737 898 1777 et
928 1746 1037 1777 vasa
1066 1732 1249 1777 vinaria.

283 1922 377 1965 Iam
404 1921 450 1964 in
476 1935 639 1977 pompa
662 1921 959 1978 producuntur
983 1920 1198 1964 thalamus
1223 1921 1419 1966 Semelae
1437 1926 1479 1965 et
1495 1926 1666 1965 antrum

162 1996 326 2040 Bacchi
357 1995 552 2052 infantis,
588 1996 657 2039 cui
689 1995 909 2052 nymphae
940 1995 1237 2039 ministrantes
1269 2000 1427 2039 astant.
1485 2000 1551 2041 Ex
1584 1999 1667 2042 hoc
1709 2021 1715 2027 ·

164 2072 340 2127 quidem
371 2076 510 2128 antro,
558 2071 693 2115 ramis
724 2072 913 2115 hederae
945 2071 1099 2127 cincto,
1140 2072 1225 2115 duo
1257 2072 1413 2129 fontes,
1445 2074 1554 2117 alter
1584 2074 1665 2130 lac,

162 2149 273 2193 alter
303 2149 453 2193 vinum
485 2148 673 2191 fundens
704 2148 936 2204 profluunt.
951 2148 984 2205 1)

281 2226 491 2282 Apparet,
523 2225 595 2269 hic
612 2225 667 2269 de
697 2227 868 2269 Bacchi
885 2228 1100 2269 iuventute
1131 2223 1226 2278 agi:
1259 2224 1396 2267 habes
1428 2226 1667 2269 thalamum

161 2302 366 2360 Semelae,
400 2315 512 2357 quae
535 2301 631 2345 Iovi
653 2301 860 2345 adamata
885 2300 1025 2357 petiit,
1058 2304 1106 2343 ut
1133 2300 1261 2356 omni,
1294 2300 1419 2355 quem
1452 2315 1664 2346 summum

162 2380 341 2422 deorum
373 2393 521 2434 regem
554 2378 719 2434 deceat,
753 2382 908 2420 ornatu
950 2377 1185 2420 instructus
1216 2377 1359 2433 ipsam
1389 2378 1542 2435 adiret,
1575 2384 1665 2422 tum

159 2454 333 2511 fulgure
364 2454 485 2498 Iovis
517 2453 745 2516 combusta
775 2452 993 2497 Bacchum
1023 2453 1207 2510 peperit,
1240 2455 1314 2509 qui
1346 2459 1388 2498 et
1418 2454 1515 2511 ipse
1546 2455 1664 2499 flam-

160 2531 244 2573 mis
276 2535 395 2574 esset
413 2531 596 2586 occisus,
630 2530 717 2574 nisi
744 2530 907 2573 hedera
926 2543 980 2572 ex
1007 2530 1217 2573 columnis
1239 2530 1420 2574 thalami
1452 2545 1664 2575 enascens

160 2610 203 2649 et
233 2606 430 2650 umbram
455 2605 680 2663 frigusque
701 2606 918 2663 praebens
939 2618 1119 2662 puerum
1141 2610 1373 2650 servasset.
1416 2604 1488 2664 (cf.
1513 2605 1663 2664 Eurip.

160 2684 322 2727 Phoen.
357 2685 445 2727 650
477 2697 540 2738 sq.
573 2709 631 2715 —
664 2684 798 2727 schol.
831 2683 931 2726 651.

259 2817 286 2865 ¹)
311 2817 439 2856 Simile
464 2823 623 2865 antrum,
648 2819 787 2856 Bacchi
813 2818 967 2855 infantis
996 2818 1222 2856 domicilium
1249 2818 1432 2856 describit
1453 2817 1659 2854 Philostra-

158 2884 223 2919 tus
248 2881 395 2928 Imagg.
422 2880 440 2916 I
466 2880 524 2916 14.
