1844 3140
833 219 1161 271 -18-.

228 343 270 387 3.
299 344 337 388 1.
377 341 437 392 οὖ
468 342 566 408 γὰρ
593 341 753 408 ἔγωγε
769 340 1129 407 Ἐρατοσθένει
1155 341 1229 410 τῷ
1256 341 1533 412 Κυρηναίῳ
1561 344 1732 410 πάντη

230 416 577 486 ξυμφέρομαι,
614 419 673 481 ὃς
709 423 860 487 λέγει,
908 422 1078 470 πάντα
1104 420 1205 472 ὅσα
1239 422 1294 481 ἕς
1328 422 1387 471 τὸ
1426 426 1570 472 θεῖον
1608 423 1728 473 ἅνα-

228 500 436 562 φέρεται
470 499 527 548 ἐκ
562 499 883 550 Μακεδόνων
917 499 1054 563 πρὸς
1083 500 1239 567 χάριν
1266 500 1365 566 τὴν
1389 499 1730 565 Ἀλεξάνδρου

181 643 192 655 ἢ
225 577 280 635 ἓς
314 577 372 626 τὸ
399 575 688 643 ὖπέρογκον
714 579 1135 644 ἐπιφημισθῆναι
1163 579 1216 623 cf.
1241 579 1400 623 Strabo
1418 580 1523 624 XIV
1548 594 1591 636 p.
1610 580 1731 633 687.)

184 652 188 657 ’
223 655 342 700 illius
367 655 544 700 fabulae
571 656 973 713 conformationem,
1007 657 1189 701 consilio
1209 657 1353 701 fictam
1371 657 1477 700 solis
1494 656 1734 701 Alexandri

225 733 567 778 aemulatoribus
612 733 825 778 attribuit.
836 733 870 792 1)
902 760 962 765 -
1009 733 1137 786 Quod
1180 748 1285 778 vero
1332 733 1644 777 Eratosthenes
1690 737 1734 777 et

225 809 384 854 Strabo
424 809 525 853 illas
566 809 740 853 fabulas
781 810 826 853 in
876 810 1056 854 dubium
1096 816 1267 867 vocant,
1313 810 1420 854 item·
1457 809 1620 852 indicio
1652 813 1731 865 est,

224 897 308 939 quo
342 884 627 942 conligamus,
671 885 990 940 antiquioribus
1028 885 1298 942 temporibus
1330 885 1384 928 de
1415 885 1576 928 talibus
1608 884 1727 927 fabu-

224 959 279 1003 lis
320 960 383 1003 nil
419 960 627 1004 traditum
667 959 817 1017 fuisse,
865 961 963 1005 illas
1005 960 1138 1016 igitur
1179 959 1452 1004 narrationes
1500 959 1729 1003 recentiori

224 1039 368 1079 aetate
401 1040 444 1079 et
483 1035 838 1093 expeditionibus
877 1036 1052 1091 quidem
1084 1036 1322 1080 Alexandri
1353 1049 1451 1080 esse
1484 1038 1658 1079 exortas
1689 1038 1732 1077 et

223 1112 458 1156 abhorrere
489 1126 517 1155 a
546 1116 705 1155 natura
740 1125 826 1166 qua
866 1112 930 1154 illi
961 1112 1046 1154 viri
1085 1112 1302 1155 Bacchum
1344 1112 1428 1155 sibi
1469 1111 1634 1166 fingere
1665 1122 1730 1154 so·

223 1187 387 1231 lebant.

341 1261 435 1307 Iam
468 1268 701 1319 postquam
732 1264 821 1307 illis
852 1263 1013 1307 fabulis
1045 1264 1374 1307 fundamentum
1393 1263 1518 1318 quasi
1536 1263 1728 1319 positum

222 1343 301 1397 est,
349 1337 480 1384 facile
529 1339 729 1384 excultae
778 1344 879 1384 sunt
928 1339 1280 1396 divulgataeque.
1350 1339 1596 1384 Alexander
1634 1339 1729 1397 ipse

220 1417 383 1460 victore
415 1416 589 1460 Baccho
621 1421 668 1459 ut
699 1417 899 1473 exemplo
931 1418 1145 1461 utebatur.
1194 1418 1435 1473 Herculem,
1468 1416 1609 1470 inquit
1640 1415 1726 1471 ille,

220 1493 509 1551 Liberumque
547 1499 723 1550 patrem
772 1493 979 1551 aequabo.
1053 1492 1170 1536 Curt.
1210 1492 1277 1535 IX
1316 1493 1357 1549 2,
1399 1493 1469 1536 29.
1528 1491 1580 1536 cf.
1622 1490 1728 1535 VIII

224 1568 293 1623 10,
329 1569 367 1610 1.
430 1568 631 1622 Denique
669 1568 831 1611 milites
873 1567 931 1611 ad
962 1567 1259 1610 fortitudinem
1291 1571 1334 1610 et
1363 1558 1619 1623 patie‘ntiam
1652 1567 1725 1610 ad-

221 1642 490 1700 hortabatur,
531 1642 693 1687 Bacchi
725 1657 847 1687 arma
883 1642 1082 1687 victricia
1112 1656 1260 1687 eorum
1293 1642 1431 1687 oculis
1463 1655 1725 1699 proponens.
1787 1681 1791 1684 .

224 1719 333 1763 Cum
372 1721 636 1764 Macedones
676 1722 900 1764 seditiosis
939 1722 1114 1764 vocibus
1155 1736 1299 1778 reyem
1329 1722 1617 1778 increparent,
1651 1721 1727 1777 qui
1787 1763 1798 1770 ⁶

222 1796 340 1838 omni
372 1796 630 1838 discrimine
660 1811 705 1839 se
738 1796 967 1854 defunctos
995 1796 1226 1853 putabant,
1270 1796 1488 1855 Herculis,
1524 1797 1654 1852 dimit,
1688 1805 1727 1840 et

218 1870 373 1914 Patris
414 1871 568 1915 Liberi
608 1874 813 1915 terminos
854 1874 1117 1916 transituros
1160 1872 1273 1928 illos,
1322 1873 1419 1930 reqi
1467 1888 1545 1916 suo
1579 1888 1726 1930 parvo

220 1948 449 2004 impendio
491 1950 861 1992 immortalitatem
901 1949 1096 1991 daturos.
1159 1948 1225 1990 IX
1255 1947 1298 2003 4,
1341 1948 1412 1990 21.
1460 1946 1513 1991 cf.
1546 1948 1614 1991 III
1657 1948 1724 1991 10.

219 2023 466 2080 Praecipua
497 2026 643 2067 autem
676 2035 835 2066 caussa
866 2022 924 2066 ad
955 2021 1227 2077 effingendas
1258 2022 1356 2065 illas
1377 2021 1549 2065 fabulas
1580 2022 1727 2079 posita

219 2102 286 2141 est
316 2098 362 2140 in
395 2098 521 2141 festis
554 2098 850 2154 sollemnibus,
883 2111 995 2152 quae
1018 2096 1265 2140 Alexander
1294 2097 1340 2139 in
1367 2098 1628 2143 Caramania
1660 2113 1725 2143 ce-

217 2173 416 2230 lebravit,
462 2173 531 2217 dis
570 2173 737 2229 gratias
778 2177 967 2229 acturus,
1009 2171 1126 2227 quod
1168 2172 1491 2229 expeditionem
1528 2173 1723 2218 Indicam

218 2248 405 2293 feliciter
435 2249 692 2306 perfecerat,
728 2248 782 2292 de
814 2262 901 2304 qua
931 2262 977 2292 re
1019 2247 1230 2292 Arrianus
1261 2254 1437 2293 narrat:
1471 2249 1629 2307 (Anab.
1663 2252 1725 2295 VI

216 2325 308 2383 28.)
342 2322 475 2390 '‘qu
513 2323 575 2372 δέ
602 2342 738 2382 τινες
765 2321 1086 2389 ἅνέγραψαν,
1123 2321 1183 2371 οὕ
1220 2323 1383 2372 πιστὰ
1410 2324 1522 2387 ἐμοὶ
1552 2326 1724 2390 λε’γον-

217 2421 318 2461 τες,
357 2400 426 2461 ὥς
465 2402 719 2462 συζεύξας
756 2402 849 2451 δύο
886 2400 1197 2466 ἁρμαμάξας
1231 2401 1591 2466 κατακειμενος
1630 2403 1724 2461 ξύν

216 2488 325 2539 τοῖς
372 2480 599 2545 ἑταίροις
657 2480 1079 2544 καταυλούμενος
1138 2479 1236 2545 τὴν
1287 2479 1368 2550 διὰ
1419 2481 1725 2544 Καρμανίας

215 2550 364 2628 ἦγεν.
397 2558 426 2624 ἦ
469 2559 686 2623 στρατιὰ
726 2559 778 2607 δὲ
815 2557 953 2624 αὕτῷ
979 2558 1381 2623 ἐστεφανωμένη
1408 2578 1462 2606 τε
1490 2562 1574 2608 καὶ
1610 2559 1722 2609 παί-

217 2636 381 2695 ζουσα
429 2635 622 2694 εῗπετο,
673 2635 950 2701 προῦκειτο
989 2635 1043 2684 δὲ
1079 2633 1209 2702 αὕτῇ
1238 2643 1360 2701 σῖτα
1410 2655 1461 2684 τε
1498 2639 1582 2686 καὶ
1620 2635 1721 2687 ὅσα

314 2752 342 2800 ¹)
368 2723 501 2790 A.—vi—r—.
539 2752 777 2800 Schlegelius
813 2752 909 2789 Bibl.
942 2752 1023 2789 Ind.
1057 2752 1093 2788 ΙΙ
1126 2763 1164 2798 p.
1194 2751 1285 2788 300:
1325 2753 1392 2789 Ich
1430 2752 1604 2789 schreibe
1629 2753 1722 2799 Jene

213 2814 317 2861 Saye
341 2814 451 2850 nicht
468 2825 570 2861 ganz
590 2814 662 2849 der
681 2814 958 2850 Schmeichelei
981 2824 1051 2859 zu,·
1077 2814 1171 2849 aber
1195 2813 1300 2849 diese
1324 2815 1428 2849 hatte
1458 2814 1558 2849 doeh
1579 2813 1722 2860 yewiss

213 2874 327 2910 ihren
346 2874 467 2921 'quien
491 2873 650 2929 Antlieil
674 2873 818 2909 daran.
1757 2882 1759 2884 ·
