1844 3140
617 444 771 485 vum
799 442 1178 483 semrom&

239 665 258 701 1
267 675 289 701 0
299 675 317 702 s
326 675 347 702 e
356 676 380 711 p
388 665 413 701 li
424 676 450 701 u
459 676 477 702 s
501 665 537 701 K
546 675 569 701 a
577 676 613 701 m
622 675 647 710 p
673 666 785 701 natus
813 674 896 701 sum
921 663 1239 700 Merzenhauseni
1257 661 1525 700 Iuliacensium
1549 671 1584 697 a.
1610 661 1647 697 d.

145 728 191 766 V.
203 728 259 765 Id.
278 728 369 765 Dec.
388 739 484 765 anno
498 728 534 765 h.
558 740 589 765 s.
611 728 679 764 XL
700 730 809 773 patre
826 727 1018 773 Iacobo,
1046 730 1165 763 matre
1186 727 1306 763 Fran
1316 727 1447 764 cisca
1464 727 1511 763 de
1532 730 1648 773 gente

147 791 234 829 Fre
244 803 289 839 y,
317 803 413 838 quos
433 792 556 828 adhuc
575 791 613 827 in
627 790 727 828 vivis
743 801 831 827 esse
845 791 978 827 laetor.
1015 790 1125 827 Fidei
1141 790 1315 827 addictus
1331 801 1413 827 sum
1428 790 1648 828 catholicae.

147 855 273 892 Patris
300 856 483 893 carissimi
509 858 548 892 et
572 855 601 892 O
612 866 660 892 re
673 855 801 891 teuri
817 882 825 901 ,
850 855 1005 901 parochi
1031 855 1271 901 venerabilis,
1298 865 1536 901 summopere
1560 855 1650 893 mihi

77 947 81 954 .
149 920 294 956 colendi
315 919 553 956 institutione
578 921 828 964 praeparatus
853 929 922 963 per
946 918 1042 954 duos
1069 929 1188 955 annos
1213 919 1523 965 progymnasium
1538 919 1649 955 Iulia-

150 992 275 1026 cense‚
299 992 367 1027 per
399 984 580 1028 quattuor
611 980 850 1028 gymnasium
883 980 1108 1018 Coloniense
1147 980 1406 1028 frequentavi,
1439 982 1544 1028 quod
1576 981 1648 1018 sub

150 1045 360 1091 Ditgessio,
394 1045 476 1081 viro
508 1044 716 1081 clarissimo
743 1043 865 1080 floret.
917 1043 1108 1080 Autumno
1141 1045 1227 1080 anni
1260 1044 1297 1080 h.
1332 1056 1361 1081 s.
1386 1044 1474 1080 LIX
1498 1045 1648 1080 maturi-

151 1108 244 1146 tatis
259 1108 477 1146 testimonio
491 1108 700 1145 instructus
734 1106 872 1144 studiis
885 1106 1122 1153 philologieis
1137 1119 1292 1154 operam
1305 1108 1465 1146 daturus
1478 1109 1649 1145 Bonnam

150 1174 318 1220 migravi.
366 1173 439 1210 Ubi
463 1184 533 1219 per
555 1173 690 1209 novies
717 1183 785 1209 sex
811 1183 962 1209 menses
981 1173 1233 1218 prodocentes
1260 1173 1389 1209 audivi
1412 1173 1530 1210 hosce
1545 1174 1648 1210 viros

152 1237 410 1275 doctissimos:
467 1237 591 1273 Bran
603 1235 798 1282 disium,
848 1235 1012 1283 Hilger
1024 1236 1164 1283 sium,
1208 1228 1442 1285 Iahni'um‚
1486 1237 1676 1288 Kamp-⁸

153 1302 427 1347 schultium,
464 1302 777 1346 Knoodtium,
813 1301 942 1337 Loeb
954 1302 1132 1347 ellium,
1176 1302 1492 1348 Nadaudium,
1534 1302 1649 1338 Neu·

152 1365 492 1410 haeuserum,
531 1363 875 1410 Reuschium,
912 1364 1288 1412 Ritschelium‚
1325 1363 1648 1409 Simrockium‚

154 1428 488 1473 Schmidtium,
551 1427 882 1473 Springerum,
943 1427 1269 1474 Schopenum,
1334 1429 1647 1465 Welckerum.

153 1492 361 1538 Postquam
395 1492 425 1527 L
434 1502 454 1527 e
464 1500 486 1526 o
495 1501 519 1537 p
529 1490 622 1527 oldi
664 1489 689 1527 S
700 1490 751 1527 ch
759 1490 851 1527 mid
860 1491 895 1527 ti
931 1492 1267 1529 exercitationibus
1304 1492 1543 1539 philologieis
1580 1502 1650 1538 per

156 1568 290 1593 annum
314 1555 490 1601 interfui,
535 1555 717 1602 singulari
748 1556 851 1592 Rits
860 1556 911 1592 ch
921 1557 981 1592 eli
1023 1561 1138 1602 atque
1175 1557 1256 1592 Iah
1265 1557 1308 1592 ni
1346 1557 1525 1594 comitate
1561 1557 1651 1593 mihi

157 1619 326 1665 contigit,
357 1622 401 1654 ut
426 1618 601 1655 seminari
625 1618 842 1665 philologici
865 1629 935 1665 per
961 1630 1028 1656 sex
1054 1630 1205 1656 menses
1232 1619 1374 1656 sodalis
1400 1631 1527 1657 essem
1552 1620 1650 1660 ordi-

129 1732 132 1737 Ι
156 1683 295 1720 narius.
350 1683 556 1720 Praeterea
578 1682 657 1719 Rit
668 1695 686 1720 s
697 1683 749 1720 ch
760 1694 781 1720 e
790 1683 822 1719 li
862 1684 1175 1721 exercitationum
1212 1684 1538 1731 epigraphicarum
1581 1696 1652 1731 per

158 1749 246 1793 duo,
269 1747 349 1783 Iah
358 1748 401 1783 ni
435 1747 612 1783 seminari
645 1748 920 1793 archaeologici
948 1759 1019 1793 per
1044 1749 1116 1784 tria
1142 1749 1342 1786 semestria
1366 1750 1558 1795 particeps
1583 1749 1650 1786 fui.

158 1810 331 1856 Denique
354 1810 407 1847 Ri
417 1812 457 1847 ts
467 1810 519 1847 ch
528 1821 548 1847 e
558 1811 571 1847 l
580 1810 592 1846 i
601 1822 627 1847 u
636 1822 653 1848 s
699 1821 929 1858 magnopere
961 1822 1020 1848 me
1065 1812 1137 1849 sibi
1174 1812 1368 1860 devinxit,
1414 1813 1518 1860 quod
1553 1813 1652 1851 inter

157 1875 409 1913 bibliothecae
454 1875 583 1922 regiae
627 1887 878 1913 amanuenses
920 1887 980 1913 me
1016 1877 1172 1923 recepit.
1232 1878 1283 1915 Ut
1320 1878 1438 1924 igitur
1474 1878 1651 1916 omnibus

158 1938 469 1984 praeceptoribus
502 1939 643 1985 optime
675 1939 722 1975 de
756 1950 816 1976 me
849 1940 993 1976 meritis
1026 1941 1170 1986 gratias
1204 1951 1278 1988 ago
1312 1952 1426 1988 quam
1457 1942 1652 1988 maximas,

158 2002 212 2038 ita
242 2013 334 2048 prae
360 2002 522 2039 caeteris
546 2003 611 2048 pia
636 2006 822 2049 grataque
849 2004 1029 2040 memoria
1053 2005 1135 2041 colo
1162 2015 1390 2052 semperque
1415 2006 1534 2043 colam
1557 2006 1576 2042 Ι
1585 2006 1653 2043 ah-

158 2065 304 2111 nium,
329 2066 664 2113 RitscheIium,
691 2066 1022 2114 Schmidtium‚
1056 2068 1122 2114 qui
1154 2072 1390 2115 quantopere
1416 2069 1544 2107 studia
1568 2080 1654 2107 mea

158 2128 324 2166 foverint
347 2130 598 2178 auxerintque
622 2131 747 2168 dicere
771 2131 836 2168 vix
860 2143 1028 2178 possum.
