1844 3140
740 196 1156 256 „.-14-’

177 319 288 383 χῶν
338 317 529 368 ἑκατὸν
563 317 753 377 εἴκοσι,
800 317 1242 384 διαγεγρααμένος
1284 320 1367 367 καὶ
1403 318 1685 384 διαδεδεμεί

183 418 274 458 νος
325 416 585 464 στεμμασι
635 399 958 466 διαχρύσοις,
1007 398 1141 466 ἔχων
1174 399 1256 449 ἐπ’
1295 420 1457 464 ακρου
1493 399 1684 467 ἄστε’ρα

178 484 436 548 χρυσοῦν,
474 480 536 530 οὗ
575 483 637 548 ἦν
673 481 701 547 ἢ
736 500 1043 546 περιμετρος
1077 485 1260 548 πηχῶν
1294 482 1360 540 ἐξ

302 638 497 681 Maxime
528 638 679 691 iniqua
708 637 883 680 fortuna
913 637 1075 680 factum
1107 642 1188 694 est,
1220 638 1348 694 quod,
1381 639 1474 681 sive
1501 638 1684 680 Callixe-

183 725 287 769 nus,
320 711 413 757 sive
443 711 696 756 Athenaeus
737 711 903 768 omisit,
947 711 1062 767 quod
1102 713 1332 757 consilium
1373 711 1684 769 Philadelphus

184 788 230 830 in
263 788 539 843 disponenda
568 801 732 843 pompa
764 792 937 829 secutus
968 787 1048 843 sit,
1082 801 1193 841 quae
1224 789 1335 830 inter
1366 788 1565 842 singulas
1588 802 1684 844 par-

183 867 250 907 tes
281 862 524 907 intercedat
555 861 688 919 rati0‚
731 874 816 917 quo
850 861 1025 907 vinculo
1057 854 1510 908 secum'cohaereant.
1573 863 1685 907 Nam

183 939 324 995 primo
357 938 510 981 obtutu
542 937 743 992 singulae
774 950 844 980 res
886 941 977 980 tam
1013 943 1174 981 temere
1207 938 1387 993 fuseque
1419 938 1684 995 compositae

184 1024 325 1071 esse,·
353 1013 549 1069 adeoque
596 1012 713 1056 omni
757 1026 926 1056 conexu
967 1027 1114 1058 carere
1155 1013 1375 1070 videntur,
1433 1018 1481 1058 ut
1522 1018 1684 1058 certam

184 1090 402 1144 quendam
435 1088 630 1131 ordinem
663 1092 837 1131 exstare
869 1101 1018 1142 neges.
1066 1088 1129 1132 Re
1159 1102 1264 1132 vera
1293 1093 1438 1132 tamen
1469 1089 1685 1133 Philadel-

183 1164 297 1222 phus
328 1177 408 1208 suo
440 1163 623 1208 consilio
655 1163 701 1207 in
738 1152 1025 1221 disponendis
1065 1164 1250 1220 singulis
1291 1165 1490 1223 partibus
1529 1165 1683 1211 ductus

186 1247 273 1299 est,
305 1241 442 1298 quod,
474 1241 602 1296 quale
633 1240 784 1297 fuerit,
818 1242 1037 1296 inquirere
1069 1241 1264 1285 studebo.

237 1490 240 1493 .
303 1452 496 1494 Primum
527 1454 571 1494 et
603 1463 681 1506 per
712 1463 810 1493 sese
840 1450 1078 1494 verisimile
1109 1455 1197 1507 est,
1230 1455 1292 1507 et,
1325 1455 1372 1493 ut
1403 1463 1481 1494 suo
1513 1445 1683 1505 quoque

184 1528 281 1572 loco
312 1526 583 1589 videbimus,
630 1526 808 1583 probari
849 1530 1013 1584 potest,
1060 1526 1355 1570 Ptolemaeum
1388 1530 1431 1570 et
1461 1526 1507 1570 in
1539 1525 1685 1584 dispo-

184 1603 330 1648 nenda
371 1608 465 1647 tota
500 1610 668 1660 'pompa
709 1607 752 1647 et
793 1602 839 1646 in
882 1602 1205 1647 conformandis
1255 1603 1440 1659 singulis
1486 1603 1686 1663 partibus

184 1684 354 1724 veteres
386 1679 652 1722 Graecorum
682 1692 868 1735 pompas
898 1678 1139 1722 Bacchicas
1180 1691 1277 1722 esse
1308 1679 1538 1723 imitatum.
1590 1679 1687 1722 Huc

185 1760 465 1808 accesserunt
485 1769 628 1799 novae
649 1769 733 1811 res,
765 1754 927 1798 fabulis
955 1755 1010 1799 de
1033 1755 1206 1799 Baccho
1233 1756 1384 1799 Indico
1416 1756 1684 1812 desumptae.

185 1831 305 1876 Satis
338 1834 523 1887 constat,
555 1829 730 1874 fabulas
762 1830 817 1873 de
839 1829 1025 1887 Baccho,
1057 1830 1132 1885 qui
1164 1842 1259 1874 cum
1292 1831 1484 1894 exercitu
1515 1831 1686 1876 Indiam

184 1908 425 1963 domuerit,
473 1905 593 1963 apud
626 1905 817 1949 Graecos
856 1906 1138 1962 pervulgatas
1178 1920 1265 1949 non
1306 1920 1425 1963 esse,
1475 1907 1687 1962 originem

183 1987 330 2026 autem
363 1981 522 2025 ducere
554 1980 610 2024 ab
643 1979 997 2037 expeditionibus
1028 1979 1265 2024 Alexandri
1296 1980 1446 2037 Magni
1464 1981 1512 2040 1).
1561 1981 1687 2034 Quod

183 2072 272 2114 qua
309 2057 480 2102 ratione
510 2056 673 2101 factum
715 2056 773 2100 sit
803 2056 957 2115 paucis
989 2070 1207 2112 exponere
1248 2056 1353 2111 mihi
1394 2057 1523 2102 liceat
1534 2092 1549 2115 ,y
1584 2059 1689 2114 quia

281 2301 310 2350 ¹)
335 2300 462 2345 Quare
499 2299 735 2347 probandum
768 2310 843 2336 non
876 2302 948 2345 est,
978 2299 1082 2346 quod
1107 2300 1361 2347 Musgravius,
1388 2301 1685 2348 astipulantibus

181 2362 266 2399 aliis
290 2360 566 2407 interpretibus
591 2359 784 2406 Euripidis
810 2359 931 2396 verba
954 2359 1091 2396 Bacch.
1120 2361 1165 2396 13
1192 2371 1249 2406 sq.

419 2419 537 2456 λιπών
561 2420 607 2455 δὲ
631 2419 768 2455 Λυδῶν
793 2418 879 2460 τούς
904 2418 1164 2468 πολυχρύσους
1190 2424 1297 2466 γυίας

422 2482 580 2528 Φρυγῶν
603 2490 646 2514 τε
671 2480 825 2526 Περσῶν
848 2478 1121 2526 θ’ἡλιοβλῆτους
1146 2478 1288 2519 πλάκας

421 2538 584 2589 Βάκτριά
608 2551 651 2575 τε
677 2543 783 2587 τείχη
809 2537 875 2584 τήν
900 2549 943 2574 τε
967 2537 1159 2587 δύσχιμον
1181 2538 1309 2588 χθόνα

422 2600 562 2645 Μήδων
587 2599 758 2637 ἐπελθών
781 2598 951 2650 Ἀραβίαν
975 2599 1008 2634 τ’
1035 2598 1249 2648 εὔδαίμονα

421 2661 540 2697 Ἀσίαν
564 2673 606 2696 τε
631 2662 756 2697 πᾶσαν
782 2658 805 2705 ἥ
827 2660 916 2710 παρ’
944 2660 1114 2710 ἁλμυρᾰν
1139 2659 1207 2697 ἅλα

389 2770 391 2772 ¹
423 2727 545 2757 κεῖται
567 2720 876 2769 μιγάσιν“Ἐλλησι
900 2720 1100 2771 βαρβάροις
1126 2722 1163 2756 δ”
1190 2721 1286 2769 ὁμοῦ

422 2781 570 2830 πλήρεις
594 2780 738 2829 ἔχουσα
764 2780 1088 2831 καλλιπυργώτους
1114 2780 1240 2822 πόλεις

422 2845 475 2884 εἰς
509 2841 619 2887 τήνδε
642 2843 792 2890 πρῶτον
817 2834 930 2886 ἦλθον
952 2841 1124 2887 Ἑλλήνων
1147 2841 1258 2879 πόλιν
