1844 3140
806 217 1075 262 -8-

181 339 372 398 κυκλος
403 343 586 406 πηχῶν
612 342 1105 405 τεσσαρεσκαίδεκα,
1139 341 1285 405 ὃκτώ,
1304 343 1359 392 δὲ
1383 344 1441 393 τὸ
1470 347 1688 405 πλάτος,

181 420 333 489 ἤγετο
368 420 470 472 ὕπὸ
510 419 719 487 ἀνδρῶν
767 422 1092 490 ὀγδοήκοντα
1129 426 1214 474 καὶ
1250 425 1451 494 ἑκατόν.
1513 428 1598 478 ἐπὶ
1637 427 1690 478 δὲ

164 504 376 564 ,ταύτης
399 505 531 571 ἐπῆν
566 503 786 569 ἅγαλμ
804 524 834 553 α
862 506 1066 555 Διονύ
1087 521 1208 554 σου
1237 507 1496 575 δεκάπηχυ
1530 512 1681 560 σπέν-

182 587 275 638 δον
309 589 366 637 ἐκ
403 588 689 655 καρχησίου
721 592 948 655 χρυσοῦ,
997 592 1192 656 χιτῶνα
1218 594 1532 655 πορφυροῦν
1566 592 1687 658 ἕχον

180 670 426 731 διάπεζον
477 673 562 720 καὶ
611 663 693 720 ἐπ’
731 669 891 721 αὕτοῦ
930 671 1197 736 κροκωτὸν
1233 671 1486 739 διαφανῆ·
1523 692 1685 738 περιε-

181 755 395 820 βέβλητο
412 754 467 802 δὲ
494 754 707 818 ἱμάτιον
733 758 1046 819 πορφυροῦν
1068 755 1508 822 χρυσοποίκιλον·
1537 758 1687 822 προέ-

179 855 312 884 κειτο
365 836 419 884 δὲ
466 834 628 885 αῦτοῦ
677 836 876 902 κρατήρ
915 837 1204 895 λακωνικὸς
1235 840 1469 903 χρυσοῦς
1503 857 1709 905 μετρηῇ

176 921 282 968 τῶν
308 917 667 968 πεντεκαίδεκα
695 919 779 965 καὶ
807 917 1024 982 τρίπους
1045 921 1305 985 χρυσοῦς·
1333 920 1611 983 περιέκειτο
1639 919 1686 968 δ’

182 1000 321 1067 αύτῷ
372 1002 457 1048 καὶ
508 1000 657 1059 σκιὰς
700 1000 756 1049 ἐκ
805 1003 997 1050 κισσοῦ
1048 1002 1131 1049 καὶ
1181 1000 1413 1065 ἅμ’πέλου
1463 1002 1547 1049 καὶ
1595 1005 1686 1068 τῆς

183 1085 370 1149 λοιπῆς
419 1080 631 1145 ὀπώρας
680 1082 1064 1148 κεκοσμημένη·
1102 1082 1470 1148 προσήρτηντο
1509 1082 1563 1130 δὲ
1598 1085 1681 1131 καὶ

183 1166 432 1228 στέφανοι
481 1167 565 1213 καὶ
611 1164 801 1213 ταινίαι
846 1166 930 1211 καὶ
968 1164 1160 1227 θύρσοι
1198 1166 1282 1212 καὶ
1317 1164 1561 1228 τύμπανα
1597 1168 1680 1214 καὶ

173 1247 354 1312 μίτραι
381 1246 643 1311 πρόσωπά
661 1265 712 1294 τε
731 1245 982 1310 σατυρικὰ
1012 1247 1094 1294 καὶ
1124 1246 1321 1310 κωμικὰ
1350 1247 1433 1294 καὶ
1449 1248 1680 1312 τραγικά.

172 1332 236 1396 τῇ
274 1328 328 1377 δὲ
362 1329 688 1394 τετρακύκλῳ
725 1327 1052 1393 ἠκολούθουν
1081 1329 1236 1391 ἱερεῖς
1274 1329 1357 1375 καὶ
1390 1329 1569 1393 ἱέρειαι
1598 1333 1682 1379 καὶ

171 1412 382 1475 πέρσεις
440 1412 641 1459 τελεταὶ
702 1412 785 1458 καὶ
845 1409 1024 1459 θίασοι
1084 1410 1407 1459 παντοδαποὶ
1470 1413 1553 1460 καὶ
1618 1416 1680 1461 τὰ

174 1492 322 1541 λίκνα
359 1492 642 1555 φέρουσαι·
678 1491 805 1553 μετὰ
843 1491 897 1538 δὲ
931 1494 1094 1539 ταῦτα
1135 1492 1352 1553 μακέται
1402 1493 1461 1539 αἶ
1495 1494 1678 1542 καλού-

172 1593 323 1638 μεναι
371 1573 692 1637 μιμαλλόνες
739 1575 823 1621 καὶ
871 1574 1136 1636 βασσάραι
1182 1569 1466 1621 καὶ’.λυδαί.
1529 1592 1678 1622 κατα-

174 1656 445 1730 κεχυμέναι
481 1654 574 1714 τὰς
610 1654 788 1722 τρίχας
838 1656 921 1703 καὶ
959 1655 1381 1719 ἐστεφανωμέναι
1417 1656 1550 1714 τινὲς
1583 1657 1678 1720 μὲν

174 1736 363 1800 ὄφεσιν
400 1737 458 1785 αἳ
492 1738 544 1785 δὲ
580 1736 757 1801 μίλαξι
793 1739 877 1785 καὶ
914 1736 1123 1803 ἀμπέλῳ
1164 1739 1245 1785 καὶ
1287 1740 1481 1803 κισσῷ·
1520 1746 1681 1787 κατεῖ-

167 1838 268 1886 χον
305 1819 358 1867 δὲ
395 1827 507 1877 ταῖς
540 1821 726 1886 χερσὶν
779 1819 836 1868 αἶ’
876 1820 970 1883 μὲν
1017 1813 1292 1886 ἐγχειρίδια
1330 1818 1388 1867 a?
1420 1818 1472 1876 δὲ
1508 1817 1680 1883 ὄφεις·

170 1902 297 1967 μετὰ
327 1902 381 1949 δὲ
407 1902 606 1960 ταύτας,
627 1900 775 1968 ἤγετο
803 1902 1168 1963 τετράκυκλος,
1204 1901 1284 1962 ἐφ’
1312 1888 1372 1965 ῆς
1408 1900 1442 1948 ἄ
1458 1902 1581 1964 γαλ
1592 1921 1630 1964 μ
1648 1921 1680 1952 α

170 1985 394 2050 Νύσης
429 1982 697 2050 ὀκτάπηχυ
726 1983 1043 2048 καθήμενον,
1080 1981 1482 2045 ἐνδεδυκὸςμὲν
1518 1982 1673 2044 θάψι-

170 2085 264 2115 νον
295 2068 491 2133 χιτῶνα
514 2064 948 2132 χρυσοποίκιλον,
987 2063 1198 2126 ἱμάτιον
1223 2062 1277 2111 δὲ
1304 2061 1561 2129 ἠμφίεστο
1591 2064 1676 2112 λα-

171 2148 419 2197 κωνικόν·
458 2145 707 2196 ἀνίστατο
744 2146 797 2194 δὲ
823 2148 976 2193 τοῦτο
998 2147 1297 2211 μηχανικῶς
1332 2143 1548 2203 ούδενὸς
1587 2145 1679 2204 τὰς

163 2237 341 2297 χεῖρας
376 2227 765 2293 προσάγοντος,
803 2228 886 2275 καὶ
917 2234 1139 2276 σπεῖσαν
1173 2227 1228 2275 ἐκ
1252 2228 1456 2293 χρυσῆς
1484 2226 1678 2293 φιάλης

167 2312 300 2376 γάλα
335 2311 495 2360 πάλιν
529 2311 771 2376 ἐκάθητο.
820 2305 921 2375 εἶχε
948 2310 1000 2357 δὲ
1025 2310 1081 2358 ἐν
1108 2312 1172 2375 τῇ
1198 2308 1421 2374 ἄριστρᾷ
1461 2308 1674 2371 θύρσον

163 2393 483 2458 ἐστεμμένον
526 2392 759 2457 μίτραις·
823 2390 953 2458 αύτὴ
1004 2389 1382 2454 δ’ἐστεφάνωτο
1433 2390 1671 2457 στεφάνῳ

166 2475 386 2540 κισσίνῳ
417 2477 603 2541 χρυσῷ
641 2477 724 2522 καὶ
761 2474 985 2537 βότρυσι
1024 2473 1277 2531 διαλίθοις
1311 2473 1671 2521 πολυτελέσιν.

164 2556 284 2622 ἑξῆς
320 2556 515 2605 εἷ’λκετο
552 2555 683 2622 ἄλλη
712 2556 1044 2620 τετράκυλος,
1079 2555 1164 2619 ἐφ’
1200 2542 1261 2621 ῆς
1286 2553 1668 2603 κατεσκεύαστο

166 2638 383 2704 ληνός·
445 2639 672 2689 ἐπάτουν
709 2639 762 2688 δὲ
796 2638 1047 2706 ἑξήκοντα
1087 2638 1302 2703 σάτυροι
1336 2636 1471 2702 πρὸς
1505 2633 1671 2684 αὓλὸν

164 2718 376 2786 ᾄδοντες
396 2722 554 2785 μέλος
575 2721 869 2789 ἐπιλήνιον·
910 2721 1030 2788 ἑξῆς
1062 2721 1273 2785 ἐφέρετο
1299 2718 1668 2784 τετράκυκλος,

160 2803 246 2867 ἐφ’
293 2791 357 2869 ῆς
401 2795 477 2870 ῆν
524 2804 735 2864 ἇσκὸς
781 2804 1102 2872 τρισχιλίους
1131 2803 1264 2870 ἔχων
1298 2799 1574 2866 μετρητάς,
1612 2799 1668 2848 ἐκ
