1844 3140
828 193 888 199 .-
948 167 1026 210 262
1067 193 1126 200 -

228 303 292 346 sq.
325 290 481 333 docere
512 289 654 346 possit
685 290 760 333 ubi
791 291 964 333 Bacchi
1005 297 1124 334 ortus
1155 298 1193 334 et
1233 292 1400 335 semina
1430 293 1534 335 vitis
1564 291 1727 347 Panem

226 364 334 409 facit
370 369 660 409 enarrantem.
721 364 960 420 Postquam
1003 365 1057 410 de
1100 365 1357 410 educatione
1396 366 1559 410 Bacchi
1603 365 1726 422 dixit,

227 441 292 484 sic
321 441 480 498 pergit.
512 455 554 485 v.
587 441 645 485 35

418 533 571 569 Interea
594 532 702 578 pueri
727 532 895 569 florescit
918 532 1021 578 pube
1046 532 1203 569 iuventa

420 597 615 644 Flavaque
640 600 787 634 maturo
814 600 1034 635 tumuerunt
1058 601 1232 645 tempora
1255 610 1386 646 cornu;

420 662 516 698 Tum
541 661 700 707 primum
726 663 848 698 laetas
875 663 1045 698 ostendit
1068 664 1269 709 pampinus
1295 674 1402 709 uvas,

417 725 599 761 Mirantur
624 725 744 771 satyri
768 724 925 762 frondes
952 728 992 761 et
1015 736 1129 771 poma
1152 727 1283 774 Lyaei.
1367 740 1377 746 ·
1456 746 1475 751 -

417 789 515 825 Tum
541 788 657 825 deus:
684 788 713 825 Ο
741 789 862 836 satyri
887 792 1058 827 maturos
1084 790 1228 836 carpite
1254 789 1402 827 fructus

417 852 536 898 Dixit,
563 856 603 889 et
626 852 781 900 ignotos
807 854 915 899 pueri
941 854 1084 891 calcate
1110 865 1291 891 racemos.

417 917 492 955 Vix
517 917 612 955 haec
636 918 819 964 ediderat,
845 918 1056 964 decerpunt
1081 919 1224 956 vitibus
1249 930 1356 965 uvas,

418 983 468 1018 Et
491 985 646 1027 portant
669 982 828 1019 calathis
854 983 1043 1029 celerique
1066 983 1211 1019 illidere
1236 984 1367 1029 planta

416 1045 593 1082 Concava
618 1056 713 1082 saxa
737 1056 854 1092 super
879 1049 1095 1093 properant,
1123 1046 1311 1083 vindemia
1335 1045 1462 1084 fervet

419 1109 588 1145 Collibus
614 1109 650 1144 in
678 1110 844 1155 summis,
870 1109 1002 1146 crebro
1029 1110 1127 1155 pede
1152 1111 1339 1156 rumpitur
1364 1121 1440 1146 uva

419 1173 606 1219 Nudaque
631 1183 823 1219 purpureo
848 1176 1081 1219 sparguntur
1105 1177 1263 1220 pectora
1290 1177 1428 1211 mustu.

417 1237 510 1274 Cum
536 1237 668 1285 satyri,
693 1237 837 1273 lasciva
863 1237 1011 1283 cohors,
1038 1237 1111 1274 sibi
1136 1238 1275 1284 pocula
1300 1239 1462 1286 quisque

419 1301 542 1339 Obvia
566 1301 791 1348 corripiunt3
818 1302 920 1348 quod
948 1313 1032 1339 sors
1058 1302 1174 1347 dedit,
1200 1302 1272 1339 hoc
1297 1303 1398 1349 capit
1421 1314 1527 1349 usus,

419 1365 609 1402 Canthera
633 1365 694 1401 hic
719 1366 869 1411 retinet,
895 1376 1012 1402 cornu
1038 1365 1136 1402 bibit
1160 1367 1257 1402 alter
1282 1366 1439 1403 adunco.

346 1446 619 1491 Sententiam
649 1447 785 1502 igitur
814 1447 928 1490 hanc
948 1446 1040 1491 sere
1067 1447 1293 1504 concipere
1314 1447 1483 1490 liceret:
1516 1447 1728 1504 Bacchus,

227 1522 304 1566 ubi
335 1537 363 1565 a
394 1524 532 1579 Nysa.
549 1523 738 1567 nutritus
779 1523 985 1580 adolevit,
1018 1536 1127 1566 uvas
1158 1523 1413 1580 procreavit,
1454 1536 1615 1578 easque
1646 1527 1729 1566 tor-

226 1613 358 1654 quere
398 1604 569 1654 satyros
612 1599 771 1642 docuit.
836 1599 957 1651 Quae
999 1603 1145 1641 tamen
1186 1598 1484 1654 interpretatio
1523 1612 1620 1641 eam
1668 1599 1724 1641 ob

226 1688 317 1718 rem
358 1674 466 1718 mihi
498 1674 714 1732 displicet,
754 1675 858 1729 quia
889 1674 944 1718 de
975 1674 1136 1718 Bacchi
1168 1674 1387 1718 iuventute
1418 1674 1500 1718 hoc
1532 1674 1627 1717 loco
1660 1687 1727 1717 co-

226 1750 356 1806 gitari
387 1765 474 1794 non
506 1755 664 1808 potest.
728 1753 840 1796 Nam
873 1765 969 1795 cum
1006 1751 1051 1794 in
1082 1751 1321 1808 posteriore
1351 1752 1546 1808 plaustro
1589 1751 1727 1794 thala-

226 1844 322 1871 mus
360 1827 553 1872 Semelae
597 1828 932 1884 conspiceretur,
973 1826 1091 1884 (pag.
1125 1828 1214 1870 200
1244 1827 1305 1885 b),
1337 1827 1382 1870 in
1414 1841 1498 1882 quo
1530 1814 1728 1870 Bacchus

227 1907 357 1947 natus
400 1907 479 1960 est,
519 1917 648 1947 nemo
691 1903 875 1947 eandem
915 1917 1006 1947 rem
1052 1902 1120 1946 bis
1163 1915 1260 1947 esse
1297 1906 1526 1947 tractatam
1569 1900 1727 1946 credet.

226 1981 312 2023 Res
344 1980 471 2024 aliter
503 1993 602 2024 sese
633 1980 796 2024 habere
827 1979 933 2023 mihi
964 1980 1148 2024 videtur.
1211 1981 1262 2023 In
1293 1979 1453 2024 fabulis
1484 1979 1539 2024 de
1556 1979 1729 2023 Baccho

228 2055 394 2112 Indico,
438 2069 552 2111 quae
595 2055 678 2099 etsi
710 2055 798 2099 dici
829 2069 916 2098 non
947 2059 1103 2112 potest,
1147 2059 1413 2111 quantopere
1444 2055 1558 2099 inter
1589 2068 1636 2098 se
1667 2054 1729 2098 di-

227 2136 439 2186 screpent,
472 2135 619 2174 tamen
650 2130 858 2174 facillime
890 2132 999 2174 duas
1030 2145 1100 2174 res
1132 2131 1401 2185 distinguas:
1434 2136 1510 2174 aut
1539 2134 1730 2188 impera-

225 2213 293 2252 tor
322 2207 603 2266 triumphans
636 2206 890 2264 celebratur,
924 2206 998 2263 qui
1030 2220 1126 2251 cum
1159 2206 1352 2252 exercitu
1382 2206 1546 2251 invicto
1564 2205 1729 2251 -Asiam

224 2282 392 2325 domuit
442 2283 709 2337 ditionisque
757 2296 862 2326 suae
910 2282 1037 2338 iecit3
1093 2288 1168 2326 aut
1211 2287 1411 2326 narratur
1458 2282 1511 2325 de
1558 2282 1731 2326 Baccho

225 2361 464 2420 tranquillo
507 2368 545 2404 et
586 2360 783 2419 benique,
831 2360 906 2415 qui
953 2359 1251 2403 saluberrimis
1291 2358 1504 2403 institutis
1544 2359 1731 2416 populos

225 2435 472 2477 condonare
511 2434 690 2478 studuit.
702 2436 735 2492 1)
800 2435 926 2485 Quod
963 2434 1022 2477 ad
1062 2428 1243 2478 alteram
1284 2448 1374 2477 rem
1416 2438 1599 2490 spectat,
1645 2434 1732 2477 Me-

223 2510 460 2566 gasthenes
485 2510 604 2566 apud
630 2509 870 2553 Diodorum
903 2509 1010 2553 dicit
1033 2510 1100 2552 ΙΠ
1132 2510 1186 2553 51
1223 2508 1545 2567 (Schwanbeck
1575 2508 1730 2563 fragm.

222 2588 244 2629 I
286 2587 370 2644 28)
424 2584 551 2650 μετὰ
590 2584 644 2632 δὲ
679 2587 838 2632 ταῦτα
876 2587 966 2650 τῆς
1003 2585 1344 2647 παραθέσεως
1369 2585 1477 2633 τῶν
1517 2585 1732 2648 καρπῶν

224 2665 615 2729 ἐπιμεληθέντα
654 2665 964 2727 (Διόνυσον)
1016 2662 1353 2726 μεταδιδόναι
1402 2670 1511 2720 τοῖς
1551 2659 1732 2719 Ἰνδοῖς

322 2823 350 2871 ¹)
375 2821 424 2860 cf.
451 2823 638 2861 Welcker.
688 2822 882 2869 Nachtrag
905 2834 974 2859 zur
999 2821 1265 2869 aschylisehen
1290 2821 1462 2867 Trilogie
1490 2832 1527 2866 p.
1556 2820 1637 2856 187.
1714 2839 1717 2841 >
