1844 3140
735 234 1032 280 „31—

134 362 226 426 τῆς
255 356 469 426 Ἰνδικῆς
505 359 582 409 ἐπ’
612 359 893 423 ἐλέφαντος
926 358 1022 425 τὴν
1056 359 1131 417 εἰς
1168 358 1342 425 Θήβας
1373 359 1634 411 ἐπάνοδον

134 438 473 504 ποιήσασθαι.
540 437 594 482 cs.
627 439 767 483 Nonn.
799 438 984 494 Dionys.
1015 438 1166 482 XXVI
1195 438 1282 482 328
1315 452 1378 495 sq.

253 516 454 572 Sequitur
474 518 677 561 Bacchus
700 519 772 560 ira
796 518 978 561 Iunonis
994 518 1226 575 perculsus
1248 518 1312 561 ad
1334 534 1462 562 aram
1482 519 1632 562 Rheae

135 593 389 652 confayiens
421 596 649 638 comitante
681 594 865 651 Priapo.
928 594 1136 637 Iunonem
1168 593 1347 651 scimus,
1388 598 1436 637 ut
1467 606 1631 651 omnes,

134 682 241 724 quos
283 669 479 726 Iuppiter
504 668 765 727 xprocreavit
810 668 946 725 filios,
994 668 1058 712 sic
1083 668 1317 713 Bacchum
1356 680 1527 726 quoque
1568 670 1631 713 in-

64 800 66 802 v
135 746 317 802 sectari3
350 744 508 789 deinde
540 748 722 801 constat,
754 743 973 788 Bacchum
1004 758 1092 788 non
1122 758 1208 788 uno
1239 744 1367 788 modo
1395 758 1491 789 cum
1516 744 1633 788 cultu

134 820 282 865 Rheae
328 834 425 865 esse
472 820 759 864 coniunctum.
823 819 911 863 Sed
958 819 1062 875 quid
1109 820 1229 864 dices
1270 819 1325 864 de
1363 820 1536 864 Baccho
1574 819 1634 864 ad

81 930 83 932 .
135 910 256 939 aram
277 896 424 939 Rheae
456 894 744 950 confugiente,
778 894 899 937 cuius
930 894 993 938 rei
1024 908 1253 951 nusquam,
1285 899 1492 950 quantum
1524 895 1630 951 scio,

134 972 297 1015 mentio
335 970 452 1015 facta
493 972 590 1014 est‘?
651 970 777 1013 Hunc
816 970 957 1014 locum
996 971 1228 1015 inlustrare
1268 984 1400 1028 posse
1431 970 1539 1014 mihi
1569 971 1631 1014 vi-

136 1048 241 1098 debor
280 1046 447 1105 fabula,
490 1061 619 1104 quam
655 1044 958 1102 Appolodorus
1000 1047 1069 1090 111
1098 1046 1139 1103 5,
1177 1048 1197 1090 1
1242 1046 1402 1090 tradit:
1454 1043 1632 1094 Διόνυ-

141 1141 234 1183 σος
273 1125 327 1173 δὲ
363 1125 569 1193 εὑρετὴς
617 1127 846 1191 ἀμπέλου
898 1124 1203 1190 γενόμενος,
1238 1120 1401 1187 τἨρας
1438 1123 1633 1187 μανίαν

138 1202 275 1271 αὐτῷ
321 1204 678 1272 ἐμβαλούσης,
725 1205 1099 1269 περιπλανᾶται
1139 1201 1412 1268 Αἴγυπτόν
1458 1221 1510 1251 τε
1546 1204 1630 1251 καὶ

138 1282 366 1345 Συρίαν·
403 1286 484 1331 καὶ
522 1283 580 1332 τὸ
615 1285 709 1347 μὲν
736 1286 945 1346 πρῶτον
971 1280 1223 1344 Πρωτεὺς
1257 1278 1417 1329 αὗτὸν
1451 1280 1633 1329 ὑποδέ-

133 1379 275 1426 χεται
303 1360 547 1424 βασιλεὺς
572 1361 899 1426 Αἰγυπτίων·
939 1350 1090 1417 αὖθις
1127 1358 1180 1407 δὲ
1213 1360 1288 1418 εἷς
1312 1359 1515 1422 Κύβελα
1539 1362 1634 1425 τῆς

141 1437 368 1502 Φρυγίας
399 1437 710 1501 ἀφικνεῖται·
749 1437 895 1485 κάκεῖ
924 1440 1204 1502 καθαρθεὶς
1239 1436 1338 1485 ὕπὸ
1366 1435 1517 1495 “Ρεάς
1549 1439 1632 1484 καὶ

137 1514 232 1574 τὰς
267 1515 471 1575 τελετὰς
503 1516 767 1580 ἐκμαθών,
817 1518 900 1565 καὶ
949 1517 1122 1581 λαβών
1155 1519 1279 1580 παρ’
1311 1515 1505 1581 ἐκείνης
1538 1514 1633 1582 τὴν

142 1594 356 1660 στολὴν,
392 1595 474 1643 ἐπὶ
505 1593 699 1654 Ἰνδοὺς
734 1595 817 1643 διὰ
854 1598 945 1661 τῆς
982 1595 1190 1661 Θρᾴκης
1229 1593 1477 1660 ἠπείγετο.

254 1675 435 1718 Insania
464 1679 640 1730 putatur
670 1675 887 1718 hominem
921 1675 1236 1731 contaminare,
1278 1674 1325 1717 id
1356 1673 1471 1729 quod
1503 1672 1634 1725 etiam

136 1747 192 1790 ad
232 1748 471 1804 Bacchum,
514 1748 657 1793 furore
697 1763 777 1806 per
817 1750 1026 1792 Iunonem
1069 1749 1282 1805 agitatum
1321 1748 1634 1805 transponitur.

136 1823 293 1880 Rhea,
322 1824 379 1868 ad
420 1839 548 1880 quam
589 1826 787 1870 Bacchus
827 1825 1040 1883 confugit,
1084 1840 1180 1870 eam
1223 1825 1373 1883 expiat
1404 1839 1479 1881 eo,
1519 1824 1636 1880 quod

136 1889 255 1942 illum
295 1900 352 1944 ab
391 1900 565 1945 insania
603 1902 760 1945 liberat
800 1901 1020 1957 mentique
1063 1915 1196 1945 sanae
1227 1901 1428 1945 restituit.
1461 1928 1520 1933 ——
1551 1902 1636 1946 De-

135 1974 265 2030 nique
297 1978 447 2033 magni
478 1978 686 2022 momenti
719 1983 797 2036 est,
830 1978 945 2034 quod
962 1977 1252 2035 Apollodorus
1275 1984 1436 2034 narrat,
1470 1977 1636 2022 Rheam

135 2052 307 2096 Baccho
339 2055 515 2112 expiato
555 2060 817 2100 armaturam
857 2056 1055 2112 dedisse,
1098 2069 1185 2111 qua
1222 2055 1458 2100 instructus
1490 2054 1536 2098 in
1567 2054 1635 2098 In-

137 2128 253 2172 diam
284 2130 650 2188 proficisceretur,
694 2136 740 2174 ut
774 2132 850 2175 illa
891 2131 1113 2188 expeditio
1157 2131 1237 2174 sub
1269 2130 1479 2188 auspiciis
1510 2130 1638 2185 quasi

136 2204 315 2249 deorum
345 2207 492 2264 posita
522 2221 620 2252 esse
651 2208 872 2252 videretur
883 2209 931 2266 l).

255 2282 447 2343 Pompae
477 2288 637 2340 partes,
670 2298 779 2339 quas
811 2298 946 2339 usque
977 2298 1028 2328 eo
1057 2284 1369 2340 enarravimus,
1403 2283 1637 2327 subsecun-

136 2362 205 2401 tur
232 2358 495 2415 Aleoeandri‚
524 2362 777 2417 Ptolemaei,
805 2362 1009 2405 Herculis
1035 2369 1217 2417 statuae,
1244 2361 1401 2418 quibas
1424 2361 1638 2403 adiuncta

241 2527 268 2575 ¹)
319 2527 444 2570 Quare
470 2527 699 2564 reiciendum
727 2532 800 2573 est,
826 2529 929 2575 quod
954 2527 1197 2564 Botticherus
1210 2526 1418 2575 (Tektonik
1443 2527 1479 2563 11
1504 2527 1639 2575 p.242)

137 2588 268 2625 dehac
290 2599 330 2625 re
352 2587 517 2635 profert:
554 2588 662 2626 Auch
690 2589 758 2625 der
774 2589 857 2626 Tod
884 2589 953 2625 des
969 2588 1163 2635 Dionysos
1179 2587 1377 2625 scheintin
1399 2587 1505 2624 einer
1524 2586 1638 2635 figiir·

135 2648 257 2684 lichen
283 2649 531 2695 Darstellung
556 2649 777 2685 erschienen
803 2661 850 2685 zu
878 2650 981 2695 sein3
1014 2648 1248 2694 wenigstens
1272 2648 1422 2684 mochte
1455 2648 1524 2684 der
1554 2649 1638 2684 eine

137 2709 296 2755 Wagen,
324 2707 394 2745 auf
414 2708 595 2745 welchem
621 2709 690 2745 das
716 2709 801 2746 Bild
819 2709 886 2746 der
901 2710 1004 2746 Hera
1018 2709 1086 2745 mit
1102 2709 1285 2755 goldener
1302 2707 1496 2755 Stephane
1515 2709 1638 2753 stand,

137 2768 215 2804 und
239 2769 456 2815 Dionysos,
492 2779 568 2804 von
601 2769 659 2804 ihr
692 2768 878 2815 verfolgt,
914 2780 962 2804 zu
995 2769 1080 2805 dem
1112 2768 1243 2804 Altare
1278 2768 1346 2804 der
1380 2767 1487 2804 Rhea
1522 2768 1639 2813 flieht,

135 2827 315 2864 wahrend
353 2827 513 2874 Priapos
552 2828 590 2864 in
630 2828 831 2875 goldenem
871 2827 1148 2874 Epheukranze
1190 2827 1265 2863 ihm
1309 2826 1514 2874 beigesellt
1549 2837 1639 2874 war,

136 2887 289 2925 hierauf
311 2900 359 2925 zu
383 2888 568 2925 beziehen
596 2889 689 2926 sein.
