1844 3140
207 313 337 377 μετὰ
354 316 729 378 τυμπανισμοῦ
759 315 842 361 καὶ
872 312 1128 371 εὖανθοῢς
1168 313 1357 378 στολῆς
1369 312 1417 370 1).
1457 313 1582 369 Tum,
1609 311 1713 368 quia

207 405 352 477 mons
369 392 442 438 ille
486 393 617 437 Mera
652 393 761 438 urbo
800 406 905 438 vero
941 407 1077 451 prope
1121 392 1206 438 sita
1239 393 1367 452 Nysa
1406 390 1477 436 vel
1513 390 1711 436 similiter

206 468 264 511 ab
293 446 449 511 ineolis
478 469 783 526 appellabatur
807 469 995 524 (Lassen
1016 470 1073 513 II.
1095 483 1139 525 p.
1167 467 1271 526 133)
1319 467 1594 522 Macedones,
1624 466 1711 510 levi

208 543 411 588 adhibita
440 544 630 588 nominis
663 544 999 587 commutatione
1031 543 1328 599 erediderunt,
1371 546 1587 599 repertum
1614 554 1711 585 esse

207 623 422 675 montem,
471 632 598 675 quem
639 618 838 662 Bacchus
879 618 926 661 in
966 618 1219 662 memoriam
1259 618 1352 662 eius
1393 616 1496 673 fati,
1539 630 1624 672 quo
1656 630 1710 659 ex

207 693 371 739 femore
402 694 522 739 Iovis
552 698 681 739 natus
714 708 811 739 esse
841 693 1073 751 serebatur,
1109 693 1298 760 [Μηρόν
1329 692 1615 751 appellasset,
1647 705 1711 735 re-

206 776 376 828 pertam
402 771 589 828 denique
615 786 712 817 esse
740 772 889 816 urbem
911 775 1092 829 Nysam,
1124 786 1252 828 quam
1285 773 1437 816 Asiam
1467 782 1709 841 peragrans

207 847 490 891 condidisset.
554 847 767 915 (Νῦσαν
827 865 882 894 τε
934 867 1028 896 ουν
1075 847 1284 896 ἐκάλεσε
1338 846 1433 913 τὴν
1479 846 1635 895 πόλιν
1682 864 1708 893 ο

208 925 463 982 Διόνυσος
490 925 574 973 ἐπὶ
603 928 695 989 τῆς
720 925 925 987 τρόφου
953 929 1045 990 τῆς
1071 926 1259 990 Νύσης
1287 927 1368 972 καὶ
1405 924 1501 989 τὴν
1531 923 1710 990 χώραν

206 1001 478 1052 Νυσαίαν
541 1000 599 1049 τὸ
651 1001 705 1049 δὲ
753 1000 877 1065 ὄρος
924 1000 1002 1051 ὅτι
1054 1020 1150 1065 περ
1189 1001 1417 1067 πλησίον
1461 1001 1573 1050 ἕστὶ
1619 1003 1711 1066 τῆς

206 1079 409 1136 πόλεως
457 1081 539 1127 καὶ
590 1084 778 1129 τοῦτον
823 1081 1013 1145 Μηρὸν
1071 1080 1379 1143 ἐπωνόμασε
1433 1078 1707 1135 Διόνυσος,

207 1154 288 1205 ὅτι
317 1156 377 1222 δὴ
404 1157 532 1205 κατὰ
562 1156 655 1207 τὸν
679 1177 771 1221 μυ
731 1160 853 1207 θον
879 1158 936 1207 ἓν
954 1160 1103 1224 αηρῷ
1129 1161 1200 1224 τῷ
1225 1159 1321 1206 τοῦ
1346 1156 1464 1216 Διὸς
1490 1153 1706 1221 ηὕξήθη.

208 1235 397 1289 (Arrian.
412 1236 552 1280 Anab.
570 1237 622 1280 V.
643 1237 681 1293 1,
700 1237 727 1279 6
744 1236 827 1294 sq.)
849 1236 902 1280 ef.
920 1237 1135 1293 Megasth.
1152 1208 1307 1292 fragm.
1325 1237 1459 1281 LVII.
1476 1236 1652 1291 XLVII,
1666 1235 1706 1277 6.

208 1311 398 1368 (Arrian.
425 1311 521 1354 Ind.
549 1311 621 1368 V.)

325 1409 452 1461 Quod
483 1410 541 1453 ad
571 1423 729 1454 nomen
752 1411 926 1478 montis,
945 1412 1131 1475 Μηρός
1162 1411 1362 1467 pertinet,
1396 1411 1569 1454 Curtius
1584 1410 1703 1453 VIII.

178 1480 181 1482 ⁵
206 1486 275 1543 10,
306 1486 362 1529 12
383 1491 554 1531 narrat:
588 1487 719 1544 „Sita
750 1494 811 1532 est
841 1488 1010 1546 (Nysa)
1034 1490 1113 1533 sub
1136 1490 1367 1533 radicibus
1388 1490 1556 1544 montis,
1583 1503 1705 1546 quem

203 1563 359 1622 Meron
400 1564 569 1606 incolae
609 1564 838 1620 appellant
848 1579 866 1618 ,·
914 1565 1015 1606 inde
1057 1564 1220 1607 Graeci
1260 1564 1496 1606 ‘mentiendi
1534 1570 1704 1606 traoeere

204 1637 450 1694 licentiam,
499 1639 617 1682 Iovis
656 1639 828 1696 femine
873 1639 1080 1682 Liberum
1119 1647 1295 1697 patrem
1341 1655 1428 1683 esse
1476 1638 1701 1694 celatum“,

205 1725 390 1767 quocum
415 1712 619 1756 convenit
644 1711 951 1768 Megasthenes
972 1713 1126 1769 fragm.
1150 1715 1184 1757 I.
1208 1714 1278 1757 27.
1312 1713 1459 1769 (Diod.
1477 1713 1624 1772 11.,38‚
1640 1712 1703 1772 4.)

204 1788 316 1830 Plin.
349 1789 402 1831 N.
435 1788 595 1849 H.¹VI.
628 1789 699 1830 21.
756 1788 892 1831 Solin.
925 1789 1014 1831 52.
1048 1790 1199 1845 Pomp.
1234 1790 1348 1839 Mela
1380 1789 1448 1849 de·
1467 1790 1552 1832 situ
1586 1789 1703 1844 orbis

200 1863 279 1907 IH.
306 1863 346 1920 7,
376 1862 418 1906 4.
473 1861 596 1915 Quae
622 1875 727 1907 vero
751 1862 1051 1920 interpretatio
1078 1863 1181 1908 ferri
1208 1877 1294 1908 non
1323 1867 1479 1922 potest,
1512 1863 1616 1920 quia
1630 1864 1703 1908 ille

201 1939 378 1994 mythus
405 1939 653 1982 Alexandro
682 1939 853 1983 Indiam
886 1939 1151 1983 adventante
1181 1941 1316 1983 multo
1348 1945 1441 1984 erat
1472 1940 1701 1994 antiquior.

203 2013 267 2057 Ac
307 2013 496 2070 primum
535 2014 709 2069 quidem
750 2014 967 2058 Pindarus
1005 2013 1159 2070 fragm.
1201 2015 1307 2058 XIV
1348 2014 1565 2058 Bacchum
1597 2014 1704 2057 dicit

200 2087 564 2151 Λυθίραμβον,
596 2094 687 2131 tum
739 2089 987 2132 Herodotus
1033 2089 1095 2146 (Π
1136 2089 1239 2145 146)
1281 2093 1452 2132 narrat:
1506 2090 1603 2136 νῦν
1650 2087 1702 2134 δὲ

201 2165 462 2215 Διόνυσόν
500 2185 552 2214 τε
588 2165 800 2231 λέγουσι
840 2166 896 2214 οἵ
917 2162 1192 2232 ’Έλληνες,
1238 2164 1308 2224 ὥς
1344 2163 1523 2213 αὖτίκα
1549 2164 1702 2231 γενό-

198 2262 361 2307 μενον
409 2244 464 2302 ἐς
506 2244 601 2293 τὸν
635 2243 807 2309 μηρὸν
841 2245 1162 2307 ἐνερράψατο
1203 2243 1366 2302 Ζεὺς,
1418 2245 1499 2291 καὶ
1537 2241 1700 2309 ἤνεικε

297 2413 325 2461 ¹)
349 2414 540 2461 Megasth.
565 2413 702 2460 fragm.
727 2413 868 2449 XLVII
883 2414 917 2449 9.
944 2413 1003 2449 ed.
1027 2412 1287 2449 Schwanbeek
1309 2413 1465 2450 Bonnae
1479 2413 1573 2450 1846
1598 2413 1700 2461 (Arr.

195 2474 277 2512 Ind.
302 2473 366 2522 V.)
416 2472 597 2510 Διονύσου
624 2474 698 2522 μέν
727 2485 774 2520 γε
806 2475 870 2508 καὶ
903 2471 1039 2508 Νὸσσα
1076 2471 1180 2513 πόλις
1214 2473 1347 2521 μνῆμα
1380 2471 1426 2508 ου’
1456 2474 1605 2521 φαῦλον
1635 2474 1701 2518 τῆς

197 2533 461 2581 στρατηλασίης
485 2536 550 2568 καὶ
577 2533 598 2567 ὅ
620 2531 745 2582 Μηρὸς
770 2531 814 2567 τὸ
846 2532 929 2582 ὅρος
954 2534 1019 2566 καὶ
1047 2532 1069 2566 o‘
1093 2530 1216 2571 κισσός
1250 2530 1309 2567 ὅτι
1333 2532 1374 2567 ἐν
1397 2533 1448 2581 τῷ
1474 2532 1552 2581 ὄρει
1576 2531 1699 2582 τούτῳ

196 2591 347 2641 φύεται,
372 2595 438 2629 καὶ
463 2590 574 2629 αὐτοὶ
601 2595 640 2629 οἱ
659 2590 771 2628 Ἰνδοὶ
797 2592 872 2628 v‘no'
897 2590 1106 2641 τυμπάνων
1129 2603 1169 2627 τε
1190 2593 1255 2627 καὶ
1273 2590 1470 2641 κυμβάλων
1488 2593 1701 2629 στέλλονται

196 2655 249 2693 εἰς
272 2651 341 2693 τοὶς
364 2652 506 2700 μάχας,
531 2656 593 2689 καὶ
618 2650 731 2696 ἐσθὴς
755 2651 902 2688 αὐτοῖσι
926 2651 1171 2693 κατάστικτος
1195 2651 1309 2688 ἐοῦσα
1333 2652 1496 2701 κατάπερ
1521 2655 1591 2689 τοῦ
1615 2656 1700 2689 Διο-

195 2711 310 2748 νύσου
344 2718 443 2748 τοῖσι
467 2711 673 2760 βάκχοισιν.
723 2711 770 2749 ef.
801 2713 948 2750 Lassen
981 2711 1157 2750 Indisohe
1189 2710 1554 2750 Alterthumskunde
1586 2714 1636 2750 II.
1661 2724 1698 2759 p.

196 2773 268 2810 134
293 2783 351 2819 sq.
401 2773 516 2809 Tales
541 2772 623 2810 fere
650 2784 777 2810 mores
802 2773 864 2810 vel
889 2775 1023 2810 nostra
1048 2774 1175 2809 aetate
1200 2771 1238 2808 in
1264 2772 1338 2809 illis
1363 2772 1583 2820 regionibus
1609 2774 1697 2810 reti-

196 2832 279 2870 neri
305 2834 435 2873 monet
458 2832 684 2880 Droysenus
712 2831 957 2882 (Gesehiehte
984 2831 1223 2869 Alexanders
1248 2843 1286 2878 p.
1312 2833 1384 2869 370
1407 2831 1500 2881 not.)
