1844 3140
795 195 1094 240 -20-

186 314 503 383 ἐκλήθησαν.
569 318 818 365 Alexander
855 321 990 377 igitur
1027 323 1131 367 novi
1162 322 1235 367 dei
1267 323 1428 367 Bacchi
1459 337 1691 381 personam

186 395 371 453 agebat,
404 396 520 440 unde
547 397 737 442 artifices
761 399 952 443 scaenici
976 400 1083 444 illud
1106 415 1263 446 nomen
1284 406 1520 446 traxerunt.
1565 401 1689 454 Quod

185 471 440 515 Welckerus
473 472 665 529 (Gricch.
699 474 945 528 Tragoedie
976 476 1044 518 111
1073 490 1116 532 p.
1147 477 1258 519 1241
1293 481 1381 519 not.
1408 477 1454 534 8)
1487 476 1684 532 coniecit,

185 547 410 591 Cratinum
432 552 735 604 argumentum
766 548 941 593 fabulae
1001 550 1572 614 Διονυσοςαλέξανδρος
1618 551 1689 595 de—

185 625 427 682 sumpsisse
459 640 483 669 e
513 626 840 670 narrationibus
882 627 937 670 de
967 628 1218 672 Alexandro
1260 642 1356 673 sese
1389 643 1485 672 cum
1510 629 1689 672 Baccho

185 701 488 757 comparante,
532 701 716 764 exeis,
759 715 871 757 quae
907 716 1042 759 supra
1072 688 1417 761 disputavimus,
1440 705 1689 749 addubitari

183 776 346 833 nequit,
379 790 641 832 quamquam
672 791 759 821 non
792 783 976 836 constat,
1010 780 1127 834 quod
1146 781 1374 824 Welckero
1401 781 1557 837 placet,
1589 782 1689 838 ipsa

182 853 259 896 illa
294 852 430 909 festa,
470 853 715 909 Egbatanis
759 854 1001 911 celebrata,
1045 860 1345 910 argumentum
1382 855 1557 899 fabulae
1589 870 1687 900 con-

182 928 368 973 tinuisse
385 928 433 987 ¹).
697 927 700 930 ’
1198 926 1201 929 ’

302 1004 503 1059 Denique
529 1009 576 1047 ut
602 1018 813 1048 summam
838 1019 999 1062 eorum,
1031 1019 1142 1060 quae
1173 1006 1501 1064 disputavimus,
1533 1009 1686 1064 paucis

183 1079 628 1137 comprehendamus:
660 1082 855 1123 Fabulae
887 1084 940 1123 de
970 1083 1144 1124 Baccho
1175 1082 1325 1124 Indiae
1355 1084 1528 1125 victore
1559 1097 1686 1136 expo-

181 1160 348 1200 ditione
378 1158 622 1199 Alexandri
652 1159 783 1199 fictae
814 1162 917 1199 sunt
947 1162 1076 1212 atque
1108 1161 1274 1199 auctae.
1295 1183 1355 1188 —
1371 1146 1537 1213 igitur,
1571 1142 1685 1212 quod

180 1245 279 1275 raro
311 1232 357 1274 in
388 1230 660 1286 inquirendis
691 1230 852 1275 fabulis
885 1231 1080 1287 contigit,
1111 1231 1302 1274 vidimus
1329 1231 1449 1274 illum
1476 1232 1683 1288 mythum,

180 1308 368 1364 quando,
400 1308 558 1363 quibus
590 1307 644 1351 de
669 1307 852 1364 caussis,
883 1320 971 1362 qua
1000 1306 1169 1350 ratione
1200 1311 1330 1350 natus
1358 1307 1416 1350 sit
1446 1311 1489 1351 et
1520 1306 1683 1351 confor-

179 1389 343 1440 matus,
383 1383 515 1439 idque
557 1388 702 1427 aetate
733 1383 972 1427 Alexandri
1004 1384 1174 1440 Magni,
1217 1397 1326 1440 qua,
1366 1384 1404 1427 si
1436 1384 1682 1428 universam

180 1459 426 1516 mythorum
458 1458 846 1503 conformationem
877 1458 1073 1515 respiciS,
1111 1458 1288 1503 fabulae
1320 1458 1581 1503 conformari
1612 1460 1683 1504 de-

181 1536 389 1578 siverunt.

298 1611 390 1654 Iam
425 1611 512 1667 eis,
555 1623 666 1666 quae
708 1609 921 1665 diximus,
962 1609 1290 1653 fundamentum
1323 1610 1524 1666 posuisse
1554 1611 1682 1654 nobis

178 1685 397 1741 videmur,
436 1698 521 1739 quo
553 1689 620 1728 est
650 1684 875 1727 nitendum
907 1684 952 1726 in
986 1684 1171 1738 singulis
1202 1698 1391 1740 pompae
1422 1697 1550 1738 quam
1582 1685 1680 1727 Phi-

178 1760 408 1817 ladelphus
432 1759 569 1816 duxit,
601 1759 801 1816 partibus
826 1758 1111 1816 explicandis,
1158 1759 1241 1802 Illa
1262 1759 1376 1803 enim
1408 1763 1551 1803 aetate
1583 1774 1679 1803 con-

178 1840 267 1879 stat
312 1834 486 1878 fabulas
525 1834 581 1877 de
622 1834 796 1878 Baccho
847 1833 999 1876 Indico
1040 1833 1150 1876 adeo
1196 1833 1333 1877 fuisse
1379 1834 1571 1877 excultas
1618 1834 1680 1877 di—

176 1911 482 1966 vulgatasque,
514 1913 661 1964 totque
694 1909 881 1952 vinculis
919 1923 1014 1952 cum
1049 1909 1288 1952 Alexandri
1319 1909 1468 1964 Magni
1498 1909 1681 1953 historia

176 1973 454 2041 coniunctas,
502 1989 549 2027 ut
593 1984 830 2040 praecipue
877 1984 922 2026 in
953 1984 1047 2026 'illa
1089 1983 1218 2039 urbe,
1265 1997 1394 2037 quam
1433 1983 1680 2028 Alexander

177 2060 391 2117 condidit,
448 2064 607 2117 poetae
661 2064 704 2103 et
753 2058 943 2103 artifices
999 2072 1074 2103 eas
1121 2058 1505 2117 amplecterentur,
1560 2061 1678 2105 deni-

175 2150 259 2192 quc
311 2140 358 2179 ut
394 2135 452 2179 ab
505 2134 621 2177 omni
669 2135 830 2191 populo
879 2138 1081 2190 receptae
1120 2133 1350 2190 plurimum
1390 2135 1584 2179 valerent
1621 2137 1677 2180 ad

275 2240 302 2285 ¹)
327 2238 500 2286 Accedit,
526 2238 630 2283 quod
654 2237 830 2274 libidines
845 2238 1052 2274 Alexandri
1078 2238 1160 2274 aliis
1188 2249 1341 2284 quoque
1367 2238 1507 2276 fabulis
1521 2242 1674 2276 notatas

172 2300 358 2335 videmus.
410 2297 472 2334 Sic
502 2297 540 2333 in¹
564 2296 777 2343 fragmento
804 2297 971 2342 Golacis‚
1003 2308 1114 2343 quem
1140 2297 1345 2334 Menander
1370 2298 1538 2344 scripsit,
1564 2299 1672 2335 cuius

174 2358 326 2395 fabulae
351 2358 450 2395 idem
478 2357 696 2395 Alexander
720 2358 860 2404 primas
887 2360 1018 2404 partes
1046 2350 1174 2404 egisse
1201 2358 1290 2394 mihi
1314 2357 1467 2394 videtur

409 2450 422 2465 0
463 2417 621 2458 κοτύλας
646 2419 801 2467 χωροῦν
827 2418 924 2452 δέκα

460 2478 501 2514 ἐν
524 2478 774 2524 Καππαδοκίᾳ
801 2477 918 2513 κόνδυ
943 2477 1122 2526 χρυσοῦν,
1147 2482 1328 2526 Σρουθία,

463 2540 545 2586 τρὶς
569 2537 717 2577 ἐξέπιον
741 2532 795 2577 εἷς
820 2536 880 2572 ὢν.
929 2541 968 2571 Β.
1002 2536 1235 2583 Ἀλεξάνδρου
1261 2537 1367 2572 πλέον
1435 2545 1444 2552 “

460 2598 528 2632 τοῦ
553 2597 730 2645 βασιλέως
755 2597 943 2637 πέπωκας.
994 2601 1034 2631 Α.
1061 2593 1128 2631 οὔκ
1155 2594 1308 2631 ἔλαττον
1334 2595 1389 2640 οὗ,

461 2657 518 2705 μοέ
542 2657 610 2701 τήν
632 2657 795 2701 Ἀθηνᾶν.
848 2661 883 2692 Β.
906 2657 1055 2705 μέγαγε

171 2716 328 2764 (Athen.
363 2716 411 2760 X,
443 2716 526 2762 434,
558 2716 592 2764 c)
629 2716 836 2753 Alexandri
876 2716 1014 2753 eximia
1047 2715 1164 2751 libido
1201 2715 1356 2752 bibendi
1391 2716 1673 2763 perstringitur,

172 2786 285 2822 quam
318 2775 444 2821 ipsum
476 2777 627 2812 maximi
660 2777 887 2814 aestimasse
920 2779 960 2813 et
992 2775 1171 2822 praemiis
1203 2775 1673 2825 honorasse-Plutarchus

170 2836 297 2885 (Alex.
323 2834 384 2882 70)
410 2839 548 2873 narrat.
