1844 3140
770 160 1037 204 -5-
1656 191 1696 223 ᾗ

154 287 250 343 ipse
273 284 397 329 *dicit
435 298 538 342 pag.
580 283 662 327 197
692 297 729 327 e.
777 280 838 330 τὰ
877 280 931 330 δὲ
966 280 1092 330 κατὰ
1127 280 1286 345 μέρος
1312 277 1484 328 αὕτῶν
1509 277 1563 327 εἷ’
1579 296 1655 337 ,τις

155 360 344 410 εῗδέναι
390 365 656 426 βούλεται,
712 360 804 420 τὰς
853 363 957 410 τῶν
1004 358 1400 425 Πεντετηρίδων
1448 355 1655 423 γραφὰς

126 441 435 504 ,λαμβάνων
464 440 823 492 ἐπισκοπείτω.
873 440 999 492 Quod
1034 439 1092 484 ad
1132 439 1213 483 has
1257 434 1653 499 Hevtetrypc'dmv

157 519 362 583 γραφάς
394 522 602 580 pertinet,
651 520 706 565 de
747 519 905 576 quibus
947 518 1024 564 alii
1066 518 1194 563 aliter
1235 516 1537 573 cogitaverunt
1578 512 1652 574 (cf.

154 597 400 643 Gasaubon.
429 605 472 644 et
496 600 897 655 Schweighaeuser.
930 598 988 641 ad
1019 598 1133 640 hunc
1163 596 1340 652 locum),
1372 594 1562 638 maxime
1593 592 1652 636 ad

152 673 574 719 verisimilitudinem
598 674 806 719 accedere
829 674 957 718 nobis
982 673 1200 728 videmur,
1235 671 1273 715 si
1301 683 1397 715 cum
1421 669 1652 713 Welckero

153 748 453 805 (Griechisehe
493 750 740 805 Tragoedie
771 750 851 792 III.
884 763 927 805 p.
963 749 1097 805 1243)
1131 746 1337 802 dicimus,
1378 744 1652 788 Callixenum

152 837 357 868 revocare
388 824 570 869 lectores
601 824 660 868 ad
691 824 1023 868 commentarios
1054 822 1226 879 publice
1258 819 1499 876 confectos,
1542 831 1652 873 quos

150 900 389 943 Ptolemaei
426 901 472 943 in
512 885 780 944 adornandis
816 900 989 957 pompis
1030 913 1110 956 pro
1147 912 1299 941 norma
1339 901 1469 952 atque
1499 894 1652 950 regula

150 974 373 1020 habebant
384 975 432 1033 ¹).

273 1097 340 1140 Ex
371 1096 490 1141 fonte
521 1097 655 1153 igitur
687 1097 936 1142 Callixenus
967 1096 1114 1141 hausit
1143 1093 1402 1153 purissim03
1434 1091 1489 1135 de
1511 1088 1652 1147 ipsius

150 1179 295 1217 autem
327 1174 515 1217 auctoris
546 1174 632 1217 fide
663 1188 750 1217 non
781 1174 1027 1230 dubitabis,
1072 1173 1110 1216 si
1152 1170 1444 1228 reputaveriS,
1490 1168 1655 1221 quanta

151 1249 380 1304 diligentia
412 1249 607 1303 singulas
638 1263 825 1306 pompae
861 1254 1010 1306 partes
1042 1250 1274 1293 describat.
1338 1249 1465 1300 Quod
1497 1249 1554 1292 ad
1585 1262 1652 1291 ra-

149 1325 311 1368 tionem
343 1328 472 1378 atque
505 1336 706 1367 caussam
736 1337 924 1380 pompae
947 1325 1156 1381 pertinet,
1188 1324 1366 1368 Lebeau
1392 1322 1546 1380 (Acad.
1572 1323 1650 1366 des

150 1400 280 1443 inser.
313 1403 416 1457 tom.
448 1399 614 1441 XXXI.
657 1413 757 1455 pag.
791 1399 866 1458 99)
908 1399 1033 1457 dicit,
1079 1399 1413 1456 Philadelphum
1453 1399 1652 1455 Lagidae

152 1474 474 1528 Berenicaeque
514 1475 768 1531 parentibus
800 1476 966 1530 gratias
998 1481 1216 1532 acturum,
1261 1476 1377 1531 quod
1409 1475 1536 1519 Soter
1566 1476 1652 1532 ipsi

154 1549 384 1606 imperium
425 1549 697 1606 tradidisset,
745 1554 880 1594 totam
921 1565 1127 1607 pompam
1168 1552 1213 1594 in
1254 1551 1463 1595 honorem
1504 1565 1653 1595 eorum

152 1627 344 1683 duxisse,
363 1638 448 1680 quo
467 1626 531 1670 eis
547 1626 752 1671 honorem
776 1626 972 1670 divinum
988 1627 1192 1687 haberet,
1223 1627 1306 1670 hoc
1322 1627 1379 1670 ab
1396 1626 1513 1671 omni
1528 1631 1653 1683 parte

150 1706 337 1762 probare
368 1718 456 1748 non
487 1717 679 1761 possum.
751 1703 969 1746 Doeemur
1010 1703 1126 1746 enim
1165 1707 1309 1746 statua
1346 1702 1651 1759 Penteteridis,

150 1795 264 1836 quae
295 1781 341 1824 in
371 1795 534 1838 pompa
564 1780 821 1836 vehebatur,
861 1793 1067 1836 pompam
1105 1778 1242 1823 fuisse
1273 1779 1652 1836 quinquennalem,

149 1856 285 1911 igitur
316 1861 469 1911 quarto
502 1869 673 1911 quoque
693 1854 819 1898 'anno
851 1854 952 1898 duci
983 1855 1154 1898 solitam
1176 1868 1293 1911 esse,
1326 1867 1413 1910 qua
1442 1854 1488 1897 in
1518 1868 1566 1898 re
1597 1854 1653 1899 de

152 1932 316 1975 honore
349 1932 429 1976 soli
461 1932 710 1975 Ptolemaeo
742 1930 921 1984 eiusque
962 1930 1136 1985 coniugi
1169 1930 1332 1974 tributo
1364 1944 1452 1973 non
1483 1935 1551 1974 est
1581 1944 1650 1974 co-

147 2007 387 2066 gitandum.
418 2012 419 2015 ’
449 2008 587 2051 Immo
618 2019 687 2051 res
718 2006 782 2050 ita
813 2019 911 2050 sese
941 2006 1103 2051 habere
1135 2006 1244 2050 mihi
1275 2006 1460 2051 videtur.

268 2125 545 2169 Ptolemaeus
587 2125 901 2182 Philadelphus
943 2139 1039 2169 cum
1081 2127 1254 2184 incepto
1295 2127 1478 2184 imperio
1520 2127 1649 2184 patri,

149 2202 315 2256 gratias
360 2205 555 2257 acturus,
596 2200 792 2244 divinum
827 2200 1035 2245 honorem
1073 2202 1235 2246 habere
1277 2202 1425 2259 vellet,
1464 2217 1653 2259 pompae

148 2277 415 2333 Bacchicae,
464 2277 606 2331 qualis
645 2281 799 2331 quarto
837 2290 1007 2332 quoque
1049 2284 1169 2325 anno
1208 2279 1445 2334 agebatur,
1491 2292 1652 2322 novam

144 2356 322 2410 ,partem
353 2351 543 2408 addidit,
576 2365 663 2407 qua
694 2351 818 2396 Soter
850 2356 894 2396 et
922 2352 1133 2397 Berenica
1165 2353 1495 2398 celebrarentur.

268 2428 441 2473 Deinde
475 2441 559 2484 quo
596 2431 851 2484 argumento
884 2418 1061 2472 Lebeau
1097 2430 1396 2473 consentiente
1429 2429 1648 2485 Schweig-

245 2630 273 2678 1)
306 2630 419 2674 Quod
453 2632 485 2668 si
518 2634 621 2668 recte
647 2631 859 2677 disputavi,
896 2634 1000 2668 certe
1026 2632 1278 2677 constituere,
1312 2644 1389 2680 qua
1413 2636 1541 2670 aetate
1566 2633 1649 2670 Cal-

144 2691 295 2743 lixenus
319 2691 478 2737 vixerit,
503 2702 579 2728 non
603 2702 821 2737 possumus.
863 2692 998 2738 Neque
1025 2693 1123 2729 enim
1149 2696 1228 2738 est,
1255 2704 1339 2739 cur,
1365 2693 1470 2739 quod
1496 2693 1648 2731 Schoel-

142 2751 216 2787 lius
249 2754 378 2798 putat,
405 2751 518 2787 ,illum
551 2761 727 2797 pompam
759 2762 809 2787 ex
849 2751 973 2797 ipsius
1007 2755 1167 2798 aspectu
1208 2752 1480 2800 descripsisse,
1518 2756 1644 2791 aetate

144 2811 262 2858 igitur
289 2811 527 2857 Philadelphi
550 2811 769 2858 ponendum
794 2822 883 2850 esse
909 2811 1089 2850 dicamus.
