<?xml version="1.0" encoding="UTF-8"?>
<!DOCTYPE html PUBLIC "-//W3C//DTD XHTML 1.0 Transitional//EN"
    "http://www.w3.org/TR/xhtml1/DTD/xhtml1-transitional.dtd">
<html xmlns="http://www.w3.org/1999/xhtml" xml:lang="en" lang="en">
 <head>
  <title>
</title>
<meta http-equiv="Content-Type" content="text/html;charset=utf-8" />
  <meta name='ocr-system' content='tesseract 3.04.00' />
  <meta name='ocr-capabilities' content='ocr_page ocr_carea ocr_par ocr_line ocrx_word'/>
</head>
<body>
  <div class='ocr_page' id='page_1' title='image "./4627454_0044.png"; bbox 0 0 1844 3140; ppageno 0'>
   <div class='ocr_carea' id='block_1_1' title="bbox 768 239 1129 288">
    <p class='ocr_par' dir='ltr' id='par_1_1' title="bbox 768 239 1129 288">
     <span class='ocr_line' id='line_1_1' title="bbox 768 239 1129 288; baseline 0.017 -6"><span class='ocrx_word' id='word_1_1' title='bbox 768 239 1129 288; x_wconf 81' lang='lat'><strong>-32——.</strong></span> 
     </span>
    </p>
   </div>
   <div class='ocr_carea' id='block_1_2' title="bbox 156 357 1665 2401">
    <p class='ocr_par' dir='ltr' id='par_1_2' title="bbox 161 357 1665 947">
     <span class='ocr_line' id='line_1_2' title="bbox 163 357 1665 423; baseline 0.001 -17"><span class='ocrx_word' id='word_1_2' title='bbox 163 368 244 420; x_wconf 78' lang='lat' dir='ltr'><strong>est,</strong></span> <span class='ocrx_word' id='word_1_3' title='bbox 301 362 451 408; x_wconf 72' lang='lat' dir='ltr'><strong>Virtus</strong></span> <span class='ocrx_word' id='word_1_4' title='bbox 496 363 681 423; x_wconf 76' lang='lat' dir='ltr'><strong>urbsque</strong></span> <span class='ocrx_word' id='word_1_5' title='bbox 727 361 1022 408; x_wconf 76' lang='lat' dir='ltr'><strong><em>Alexandria.</em></strong></span> <span class='ocrx_word' id='word_1_6' title='bbox 1100 362 1227 416; x_wconf 84' lang='lat' dir='ltr'><strong>Quod</strong></span> <span class='ocrx_word' id='word_1_7' title='bbox 1272 362 1329 407; x_wconf 83' lang='lat' dir='ltr'><strong>ad</strong></span> <span class='ocrx_word' id='word_1_8' title='bbox 1369 357 1665 408; x_wconf 81' lang='lat' dir='ltr'><strong>Ptolemaeum</strong></span> 
     </span>
     <span class='ocr_line' id='line_1_3' title="bbox 163 437 1665 496; baseline 0.001 -15"><span class='ocrx_word' id='word_1_9' title='bbox 163 437 414 482; x_wconf 89' lang='lat' dir='ltr'><strong>Alexandro</strong></span> <span class='ocrx_word' id='word_1_10' title='bbox 429 486 432 489; x_wconf 84' lang='lat'><strong>.</strong></span> <span class='ocrx_word' id='word_1_11' title='bbox 445 442 663 482; x_wconf 81' lang='lat' dir='ltr'><strong>astantem</strong></span> <span class='ocrx_word' id='word_1_12' title='bbox 695 439 872 495; x_wconf 81' lang='lat' dir='ltr'><strong>attinet,</strong></span> <span class='ocrx_word' id='word_1_13' title='bbox 916 438 1107 483; x_wconf 90' lang='lat' dir='ltr'><strong>dubitari</strong></span> <span class='ocrx_word' id='word_1_14' title='bbox 1149 452 1236 482; x_wconf 90' lang='lat' dir='ltr'><strong>non</strong></span> <span class='ocrx_word' id='word_1_15' title='bbox 1267 443 1434 496; x_wconf 88' lang='lat' dir='ltr'><strong>potest,</strong></span> <span class='ocrx_word' id='word_1_16' title='bbox 1474 440 1577 495; x_wconf 90' lang='lat' dir='ltr'><strong>quin</strong></span> <span class='ocrx_word' id='word_1_17' title='bbox 1609 439 1665 483; x_wconf 94' lang='lat' dir='ltr'><strong>de</strong></span> 
     </span>
     <span class='ocr_line' id='line_1_4' title="bbox 162 501 1665 570; baseline 0.001 -14"><span class='ocrx_word' id='word_1_18' title='bbox 162 513 275 568; x_wconf 87' lang='lat' dir='ltr'><strong>Lagi</strong></span> <span class='ocrx_word' id='word_1_19' title='bbox 305 501 417 570; x_wconf 85' lang='lat' dir='ltr'><strong>filio,</strong></span> <span class='ocrx_word' id='word_1_20' title='bbox 459 518 584 570; x_wconf 90' lang='lat' dir='ltr'><strong>patre</strong></span> <span class='ocrx_word' id='word_1_21' title='bbox 614 513 914 570; x_wconf 83' lang='lat' dir='ltr'><strong>Philadelphi,</strong></span> <span class='ocrx_word' id='word_1_22' title='bbox 947 514 1005 557; x_wconf 92' lang='lat' dir='ltr'><strong>sit</strong></span> <span class='ocrx_word' id='word_1_23' title='bbox 1036 501 1330 569; x_wconf 86' lang='lat' dir='ltr'><strong>cogitandum.</strong></span> <span class='ocrx_word' id='word_1_24' title='bbox 1392 514 1518 558; x_wconf 92' lang='lat' dir='ltr'><strong>Hunc</strong></span> <span class='ocrx_word' id='word_1_25' title='bbox 1549 515 1665 559; x_wconf 89' lang='lat' dir='ltr'><strong>enim</strong></span> 
     </span>
     <span class='ocr_line' id='line_1_5' title="bbox 163 588 1664 648; baseline 0.001 -18"><span class='ocrx_word' id='word_1_26' title='bbox 163 592 358 644; x_wconf 89' lang='lat' dir='ltr'><strong>constat,</strong></span> <span class='ocrx_word' id='word_1_27' title='bbox 402 601 499 632; x_wconf 91' lang='lat' dir='ltr'><strong>cum</strong></span> <span class='ocrx_word' id='word_1_28' title='bbox 539 602 617 645; x_wconf 90' lang='lat' dir='ltr'><strong>per</strong></span> <span class='ocrx_word' id='word_1_29' title='bbox 646 589 822 643; x_wconf 88' lang='lat' dir='ltr'><strong>longam</strong></span> <span class='ocrx_word' id='word_1_30' title='bbox 853 602 1066 631; x_wconf 91' lang='lat' dir='ltr'><strong>annorum</strong></span> <span class='ocrx_word' id='word_1_31' title='bbox 1098 588 1253 632; x_wconf 91' lang='lat' dir='ltr'><strong>seriem</strong></span> <span class='ocrx_word' id='word_1_32' title='bbox 1284 589 1513 648; x_wconf 85' lang='lat' dir='ltr'><strong>imperium</strong></span> <span class='ocrx_word' id='word_1_33' title='bbox 1544 594 1664 633; x_wconf 92' lang='lat' dir='ltr'><strong>tenu-</strong></span> 
     </span>
     <span class='ocr_line' id='line_1_6' title="bbox 162 663 1662 721; baseline 0 -13"><span class='ocrx_word' id='word_1_34' title='bbox 162 663 291 720; x_wconf 81' lang='lat' dir='ltr'><strong>isset,</strong></span> <span class='ocrx_word' id='word_1_35' title='bbox 334 664 523 708; x_wconf 79' lang='lat' dir='ltr'><strong>exclusis</strong></span> <span class='ocrx_word' id='word_1_36' title='bbox 564 664 734 721; x_wconf 88' lang='lat' dir='ltr'><strong>liberis,</strong></span> <span class='ocrx_word' id='word_1_37' title='bbox 783 677 891 720; x_wconf 91' lang='lat' dir='ltr'><strong>quos</strong></span> <span class='ocrx_word' id='word_1_38' title='bbox 931 678 985 708; x_wconf 93' lang='lat' dir='ltr'><strong>ex</strong></span> <span class='ocrx_word' id='word_1_39' title='bbox 1022 664 1247 720; x_wconf 88' lang='lat' dir='ltr'><strong>Euridica,</strong></span> <span class='ocrx_word' id='word_1_40' title='bbox 1294 664 1437 721; x_wconf 88' lang='lat' dir='ltr'><strong>priore</strong></span> <span class='ocrx_word' id='word_1_41' title='bbox 1477 664 1662 720; x_wconf 87' lang='lat' dir='ltr'><strong>coniuge</strong></span> 
     </span>
     <span class='ocr_line' id='line_1_7' title="bbox 163 739 1664 796; baseline 0.001 -13"><span class='ocrx_word' id='word_1_42' title='bbox 163 739 369 796; x_wconf 85' lang='lat' dir='ltr'><strong>suscepit,</strong></span> <span class='ocrx_word' id='word_1_43' title='bbox 401 739 747 796; x_wconf 85' lang='lat' dir='ltr'><strong>Philadelphum,</strong></span> <span class='ocrx_word' id='word_1_44' title='bbox 779 740 1017 795; x_wconf 85' lang='lat' dir='ltr'><strong>Berenicae</strong></span> <span class='ocrx_word' id='word_1_45' title='bbox 1047 740 1183 783; x_wconf 92' lang='lat' dir='ltr'><strong>filium</strong></span> <span class='ocrx_word' id='word_1_46' title='bbox 1214 740 1379 784; x_wconf 91' lang='lat' dir='ltr'><strong>socium</strong></span> <span class='ocrx_word' id='word_1_47' title='bbox 1404 740 1529 796; x_wconf 89' lang='lat' dir='ltr'><strong>regni</strong></span> <span class='ocrx_word' id='word_1_48' title='bbox 1555 741 1664 784; x_wconf 89' lang='lat' dir='ltr'><strong>asci-</strong></span> 
     </span>
     <span class='ocr_line' id='line_1_8' title="bbox 161 814 1663 871; baseline 0.001 -13"><span class='ocrx_word' id='word_1_49' title='bbox 161 815 299 871; x_wconf 87' lang='lat' dir='ltr'><strong>visse,</strong></span> <span class='ocrx_word' id='word_1_50' title='bbox 342 814 548 870; x_wconf 90' lang='lat' dir='ltr'><strong>illumque</strong></span> <span class='ocrx_word' id='word_1_51' title='bbox 586 814 700 858; x_wconf 88' lang='lat' dir='ltr'><strong>hanc</strong></span> <span class='ocrx_word' id='word_1_52' title='bbox 743 814 797 858; x_wconf 92' lang='lat' dir='ltr'><strong>ob</strong></span> <span class='ocrx_word' id='word_1_53' title='bbox 838 828 928 858; x_wconf 88' lang='lat' dir='ltr'><strong>rem</strong></span> <span class='ocrx_word' id='word_1_54' title='bbox 972 828 1068 858; x_wconf 92' lang='lat' dir='ltr'><strong>cum</strong></span> <span class='ocrx_word' id='word_1_55' title='bbox 1100 815 1310 858; x_wconf 88' lang='lat' dir='ltr'><strong>Berenica</strong></span> <span class='ocrx_word' id='word_1_56' title='bbox 1349 815 1395 858; x_wconf 91' lang='lat' dir='ltr'><strong>in</strong></span> <span class='ocrx_word' id='word_1_57' title='bbox 1427 814 1534 859; x_wconf 90' lang='lat' dir='ltr'><strong>deos</strong></span> <span class='ocrx_word' id='word_1_58' title='bbox 1566 828 1663 859; x_wconf 87' lang='lat' dir='ltr'><strong>esse</strong></span> 
     </span>
     <span class='ocr_line' id='line_1_9' title="bbox 162 889 863 947; baseline 0 -14"><span class='ocrx_word' id='word_1_59' title='bbox 162 890 472 947; x_wconf 87' lang='lat' dir='ltr'><strong>transcriptum</strong></span> <span class='ocrx_word' id='word_1_60' title='bbox 503 904 531 934; x_wconf 87' lang='lat' dir='ltr'><strong>a</strong></span> <span class='ocrx_word' id='word_1_61' title='bbox 561 889 863 946; x_wconf 88' lang='lat' dir='ltr'><strong>Philadelpho.</strong></span> 
     </span>
    </p>

    <p class='ocr_par' dir='ltr' id='par_1_3' title="bbox 156 964 1663 2401">
     <span class='ocr_line' id='line_1_10' title="bbox 282 964 1663 1021; baseline 0.001 -14"><span class='ocrx_word' id='word_1_62' title='bbox 282 966 393 1007; x_wconf 87' lang='lat' dir='ltr'><strong>Tum</strong></span> <span class='ocrx_word' id='word_1_63' title='bbox 424 964 627 1008; x_wconf 90' lang='lat' dir='ltr'><strong>mulieres</strong></span> <span class='ocrx_word' id='word_1_64' title='bbox 660 964 887 1021; x_wconf 91' lang='lat' dir='ltr'><strong>incedunt,</strong></span> <span class='ocrx_word' id='word_1_65' title='bbox 920 978 1031 1019; x_wconf 91' lang='lat' dir='ltr'><strong>quae</strong></span> <span class='ocrx_word' id='word_1_66' title='bbox 1062 965 1192 1008; x_wconf 89' lang='lat' dir='ltr'><strong>urbes</strong></span> <span class='ocrx_word' id='word_1_67' title='bbox 1218 965 1350 1008; x_wconf 90' lang='lat' dir='ltr'><strong>Asiae</strong></span> <span class='ocrx_word' id='word_1_68' title='bbox 1381 970 1424 1008; x_wconf 92' lang='lat' dir='ltr'><strong>et</strong></span> <span class='ocrx_word' id='word_1_69' title='bbox 1452 965 1663 1009; x_wconf 83' lang='lat' dir='ltr'><strong>Graeciae</strong></span> 
     </span>
     <span class='ocr_line' id='line_1_11' title="bbox 161 1039 1661 1097; baseline 0.001 -14"><span class='ocrx_word' id='word_1_70' title='bbox 161 1039 218 1083; x_wconf 89' lang='lat' dir='ltr'><strong>ab</strong></span> <span class='ocrx_word' id='word_1_71' title='bbox 249 1039 499 1083; x_wconf 89' lang='lat' dir='ltr'><strong>Alexandro</strong></span> <span class='ocrx_word' id='word_1_72' title='bbox 533 1040 722 1083; x_wconf 89' lang='lat' dir='ltr'><strong>domitas</strong></span> <span class='ocrx_word' id='word_1_73' title='bbox 752 1045 1013 1097; x_wconf 90' lang='lat' dir='ltr'><strong>proponunt.</strong></span> <span class='ocrx_word' id='word_1_74' title='bbox 1077 1040 1217 1092; x_wconf 85' lang='lat' dir='ltr'><strong>Quam</strong></span> <span class='ocrx_word' id='word_1_75' title='bbox 1255 1055 1346 1084; x_wconf 92' lang='lat' dir='ltr'><strong>rem</strong></span> <span class='ocrx_word' id='word_1_76' title='bbox 1386 1040 1424 1084; x_wconf 92' lang='lat' dir='ltr'><strong>si</strong></span> <span class='ocrx_word' id='word_1_77' title='bbox 1456 1054 1552 1084; x_wconf 92' lang='lat' dir='ltr'><strong>cum</strong></span> <span class='ocrx_word' id='word_1_78' title='bbox 1583 1041 1661 1097; x_wconf 91' lang='lat' dir='ltr'><strong>eis,</strong></span> 
     </span>
     <span class='ocr_line' id='line_1_12' title="bbox 162 1115 1662 1173; baseline 0 -14"><span class='ocrx_word' id='word_1_79' title='bbox 162 1128 274 1171; x_wconf 87' lang='lat' dir='ltr'><strong>quae</strong></span> <span class='ocrx_word' id='word_1_80' title='bbox 306 1119 438 1159; x_wconf 88' lang='lat' dir='ltr'><strong>antea</strong></span> <span class='ocrx_word' id='word_1_81' title='bbox 469 1115 575 1172; x_wconf 85' lang='lat' dir='ltr'><strong>dixi,</strong></span> <span class='ocrx_word' id='word_1_82' title='bbox 609 1129 925 1173; x_wconf 84' lang='lat' dir='ltr'><strong>comparamus,</strong></span> <span class='ocrx_word' id='word_1_83' title='bbox 958 1130 1045 1159; x_wconf 91' lang='lat' dir='ltr'><strong>non</strong></span> <span class='ocrx_word' id='word_1_84' title='bbox 1067 1129 1298 1173; x_wconf 90' lang='lat' dir='ltr'><strong>possumus</strong></span> <span class='ocrx_word' id='word_1_85' title='bbox 1322 1129 1409 1159; x_wconf 93' lang='lat' dir='ltr'><strong>non</strong></span> <span class='ocrx_word' id='word_1_86' title='bbox 1430 1116 1662 1159; x_wconf 86' lang='lat' dir='ltr'><strong>observare</strong></span> 
     </span>
     <span class='ocr_line' id='line_1_13' title="bbox 163 1192 1662 1256; baseline -0.001 -20"><span class='ocrx_word' id='word_1_87' title='bbox 163 1197 324 1236; x_wconf 86' lang='lat' dir='ltr'><strong>certam</strong></span> <span class='ocrx_word' id='word_1_88' title='bbox 356 1192 402 1235; x_wconf 92' lang='lat' dir='ltr'><strong>in</strong></span> <span class='ocrx_word' id='word_1_89' title='bbox 436 1192 692 1256; x_wconf 79' lang='lat' dir='ltr'><strong>ordinandis</strong></span> <span class='ocrx_word' id='word_1_90' title='bbox 723 1193 867 1249; x_wconf 90' lang='lat' dir='ltr'><strong>rebus,</strong></span> <span class='ocrx_word' id='word_1_91' title='bbox 900 1206 1011 1247; x_wconf 90' lang='lat' dir='ltr'><strong>quae</strong></span> <span class='ocrx_word' id='word_1_92' title='bbox 1041 1192 1292 1249; x_wconf 87' lang='lat' dir='ltr'><strong>propositae</strong></span> <span class='ocrx_word' id='word_1_93' title='bbox 1325 1195 1443 1248; x_wconf 85' lang='lat' dir='ltr'><strong>sunt,</strong></span> <span class='ocrx_word' id='word_1_94' title='bbox 1485 1205 1662 1248; x_wconf 90' lang='lat' dir='ltr'><strong>respon-</strong></span> 
     </span>
     <span class='ocr_line' id='line_1_14' title="bbox 163 1265 1661 1324; baseline -0.001 -12"><span class='ocrx_word' id='word_1_95' title='bbox 163 1268 345 1313; x_wconf 88' lang='lat' dir='ltr'><strong>sionem.</strong></span> <span class='ocrx_word' id='word_1_96' title='bbox 392 1268 452 1312; x_wconf 91' lang='lat' dir='ltr'><strong>Ut</strong></span> <span class='ocrx_word' id='word_1_97' title='bbox 475 1272 606 1311; x_wconf 88' lang='lat' dir='ltr'><strong>antea</strong></span> <span class='ocrx_word' id='word_1_98' title='bbox 631 1267 831 1311; x_wconf 91' lang='lat' dir='ltr'><strong>Bacchus</strong></span> <span class='ocrx_word' id='word_1_99' title='bbox 863 1267 1102 1311; x_wconf 88' lang='lat' dir='ltr'><strong>celebratur</strong></span> <span class='ocrx_word' id='word_1_100' title='bbox 1134 1267 1187 1311; x_wconf 92' lang='lat' dir='ltr'><strong>de</strong></span> <span class='ocrx_word' id='word_1_101' title='bbox 1217 1267 1345 1311; x_wconf 89' lang='lat' dir='ltr'><strong>India</strong></span> <span class='ocrx_word' id='word_1_102' title='bbox 1377 1265 1661 1324; x_wconf 89' lang='lat' dir='ltr'><strong>triumphans,</strong></span> 
     </span>
     <span class='ocr_line' id='line_1_15' title="bbox 161 1341 1660 1400; baseline -0.003 -13"><span class='ocrx_word' id='word_1_103' title='bbox 161 1345 226 1388; x_wconf 89' lang='lat' dir='ltr'><strong>sic</strong></span> <span class='ocrx_word' id='word_1_104' title='bbox 257 1358 372 1388; x_wconf 90' lang='lat' dir='ltr'><strong>nunc</strong></span> <span class='ocrx_word' id='word_1_105' title='bbox 402 1344 643 1387; x_wconf 87' lang='lat' dir='ltr'><strong>Alexandri</strong></span> <span class='ocrx_word' id='word_1_106' title='bbox 674 1344 931 1400; x_wconf 91' lang='lat' dir='ltr'><strong>praecipue,</strong></span> <span class='ocrx_word' id='word_1_107' title='bbox 970 1343 1148 1385; x_wconf 88' lang='lat' dir='ltr'><strong>alterius</strong></span> <span class='ocrx_word' id='word_1_108' title='bbox 1187 1343 1313 1397; x_wconf 89' lang='lat' dir='ltr'><strong>quasi</strong></span> <span class='ocrx_word' id='word_1_109' title='bbox 1345 1341 1526 1397; x_wconf 89' lang='lat' dir='ltr'><strong>Bacchi,</strong></span> <span class='ocrx_word' id='word_1_110' title='bbox 1567 1355 1660 1398; x_wconf 91' lang='lat' dir='ltr'><strong>per-</strong></span> 
     </span>
     <span class='ocr_line' id='line_1_16' title="bbox 162 1416 1660 1476; baseline -0.003 -13"><span class='ocrx_word' id='word_1_111' title='bbox 162 1420 278 1476; x_wconf 86' lang='lat' dir='ltr'><strong>gitur</strong></span> <span class='ocrx_word' id='word_1_112' title='bbox 308 1419 417 1474; x_wconf 88' lang='lat' dir='ltr'><strong>fingi</strong></span> <span class='ocrx_word' id='word_1_113' title='bbox 448 1420 716 1476; x_wconf 88' lang='lat' dir='ltr'><strong>triumphus,</strong></span> <span class='ocrx_word' id='word_1_114' title='bbox 755 1433 882 1474; x_wconf 91' lang='lat' dir='ltr'><strong>quem</strong></span> <span class='ocrx_word' id='word_1_115' title='bbox 915 1419 969 1462; x_wconf 93' lang='lat' dir='ltr'><strong>de</strong></span> <span class='ocrx_word' id='word_1_116' title='bbox 1000 1418 1108 1461; x_wconf 89' lang='lat' dir='ltr'><strong>Asia</strong></span> <span class='ocrx_word' id='word_1_117' title='bbox 1138 1423 1181 1461; x_wconf 92' lang='lat' dir='ltr'><strong>et</strong></span> <span class='ocrx_word' id='word_1_118' title='bbox 1212 1418 1266 1461; x_wconf 91' lang='lat' dir='ltr'><strong>de</strong></span> <span class='ocrx_word' id='word_1_119' title='bbox 1300 1417 1486 1461; x_wconf 80' lang='lat' dir='ltr'><strong>Graecia</strong></span> <span class='ocrx_word' id='word_1_120' title='bbox 1515 1416 1660 1460; x_wconf 89' lang='lat' dir='ltr'><strong>habet.</strong></span> 
     </span>
     <span class='ocr_line' id='line_1_17' title="bbox 161 1490 1659 1550; baseline -0.001 -14"><span class='ocrx_word' id='word_1_121' title='bbox 161 1494 379 1538; x_wconf 88' lang='lat' dir='ltr'><strong>Bacchum</strong></span> <span class='ocrx_word' id='word_1_122' title='bbox 424 1494 631 1537; x_wconf 90' lang='lat' dir='ltr'><strong>mulieres</strong></span> <span class='ocrx_word' id='word_1_123' title='bbox 677 1493 877 1550; x_wconf 88' lang='lat' dir='ltr'><strong>Indicae,</strong></span> <span class='ocrx_word' id='word_1_124' title='bbox 938 1493 1206 1549; x_wconf 87' lang='lat' dir='ltr'><strong>captivarum</strong></span> <span class='ocrx_word' id='word_1_125' title='bbox 1261 1491 1414 1535; x_wconf 91' lang='lat' dir='ltr'><strong>habitu</strong></span> <span class='ocrx_word' id='word_1_126' title='bbox 1461 1490 1659 1548; x_wconf 87' lang='lat' dir='ltr'><strong>amictae,</strong></span> 
     </span>
     <span class='ocr_line' id='line_1_18' title="bbox 160 1566 1660 1625; baseline -0.003 -11"><span class='ocrx_word' id='word_1_127' title='bbox 160 1570 455 1615; x_wconf 89' lang='lat' dir='ltr'><strong>Alexandrum</strong></span> <span class='ocrx_word' id='word_1_128' title='bbox 488 1570 603 1613; x_wconf 88' lang='lat' dir='ltr'><strong>aliae</strong></span> <span class='ocrx_word' id='word_1_129' title='bbox 635 1569 837 1625; x_wconf 88' lang='lat' dir='ltr'><strong>captivae</strong></span> <span class='ocrx_word' id='word_1_130' title='bbox 870 1573 1084 1624; x_wconf 87' lang='lat' dir='ltr'><strong>secuntur,</strong></span> <span class='ocrx_word' id='word_1_131' title='bbox 1118 1568 1281 1624; x_wconf 89' lang='lat' dir='ltr'><strong>oppida</strong></span> <span class='ocrx_word' id='word_1_132' title='bbox 1306 1568 1440 1611; x_wconf 89' lang='lat' dir='ltr'><strong>Asiae</strong></span> <span class='ocrx_word' id='word_1_133' title='bbox 1462 1571 1505 1609; x_wconf 92' lang='lat' dir='ltr'><strong>et</strong></span> <span class='ocrx_word' id='word_1_134' title='bbox 1530 1566 1660 1609; x_wconf 80' lang='lat' dir='ltr'><strong>Grae-</strong></span> 
     </span>
     <span class='ocr_line' id='line_1_19' title="bbox 161 1641 1661 1701; baseline -0.003 -12"><span class='ocrx_word' id='word_1_135' title='bbox 161 1646 255 1689; x_wconf 89' lang='lat' dir='ltr'><strong>ciae</strong></span> <span class='ocrx_word' id='word_1_136' title='bbox 286 1645 343 1688; x_wconf 93' lang='lat' dir='ltr'><strong>ab</strong></span> <span class='ocrx_word' id='word_1_137' title='bbox 375 1644 472 1701; x_wconf 89' lang='lat' dir='ltr'><strong>ipso</strong></span> <span class='ocrx_word' id='word_1_138' title='bbox 511 1644 677 1687; x_wconf 90' lang='lat' dir='ltr'><strong>domita</strong></span> <span class='ocrx_word' id='word_1_139' title='bbox 717 1647 1034 1700; x_wconf 89' lang='lat' dir='ltr'><strong>proponentes,</strong></span> <span class='ocrx_word' id='word_1_140' title='bbox 1082 1655 1191 1698; x_wconf 88' lang='lat' dir='ltr'><strong>quas</strong></span> <span class='ocrx_word' id='word_1_141' title='bbox 1234 1642 1365 1686; x_wconf 88' lang='lat' dir='ltr'><strong>etiam</strong></span> <span class='ocrx_word' id='word_1_142' title='bbox 1404 1641 1661 1685; x_wconf 86' lang='lat' dir='ltr'><strong>Theocritus</strong></span> 
     </span>
     <span class='ocr_line' id='line_1_20' title="bbox 161 1716 1660 1780; baseline -0.004 -16"><span class='ocrx_word' id='word_1_143' title='bbox 161 1721 238 1777; x_wconf 90' lang='lat' dir='ltr'><strong>(id.</strong></span> <span class='ocrx_word' id='word_1_144' title='bbox 271 1721 399 1764; x_wconf 92' lang='lat' dir='ltr'><strong>XVII</strong></span> <span class='ocrx_word' id='word_1_145' title='bbox 431 1720 488 1762; x_wconf 82' lang='lat'><strong>76</strong></span> <span class='ocrx_word' id='word_1_146' title='bbox 520 1719 604 1776; x_wconf 87' lang='lat' dir='ltr'><strong>sq.)</strong></span> <span class='ocrx_word' id='word_1_147' title='bbox 637 1722 873 1762; x_wconf 86' lang='lat' dir='ltr'><strong>enumerat.</strong></span> <span class='ocrx_word' id='word_1_148' title='bbox 919 1717 1125 1780; x_wconf 80' lang='lat' dir='ltr'><strong>Deinde,</strong></span> <span class='ocrx_word' id='word_1_149' title='bbox 1158 1722 1205 1761; x_wconf 88' lang='lat' dir='ltr'><strong>ut</strong></span> <span class='ocrx_word' id='word_1_150' title='bbox 1234 1717 1432 1760; x_wconf 87' lang='lat' dir='ltr'><strong>Bacchus</strong></span> <span class='ocrx_word' id='word_1_151' title='bbox 1462 1716 1660 1772; x_wconf 88' lang='lat' dir='ltr'><strong>thyrsum</strong></span> 
     </span>
     <span class='ocr_line' id='line_1_21' title="bbox 159 1792 1659 1849; baseline -0.003 -11"><span class='ocrx_word' id='word_1_152' title='bbox 159 1808 336 1839; x_wconf 90' lang='lat' dir='ltr'><strong>aureum</strong></span> <span class='ocrx_word' id='word_1_153' title='bbox 383 1797 530 1849; x_wconf 89' lang='lat' dir='ltr'><strong>tenet,</strong></span> <span class='ocrx_word' id='word_1_154' title='bbox 588 1793 652 1836; x_wconf 88' lang='lat' dir='ltr'><strong>sic</strong></span> <span class='ocrx_word' id='word_1_155' title='bbox 696 1797 797 1849; x_wconf 90' lang='lat' dir='ltr'><strong>post</strong></span> <span class='ocrx_word' id='word_1_156' title='bbox 843 1792 1138 1836; x_wconf 86' lang='lat' dir='ltr'><strong>Alexandrum</strong></span> <span class='ocrx_word' id='word_1_157' title='bbox 1184 1792 1392 1835; x_wconf 85' lang='lat' dir='ltr'><strong>victorem</strong></span> <span class='ocrx_word' id='word_1_158' title='bbox 1438 1795 1659 1846; x_wconf 88' lang='lat' dir='ltr'><strong>tamquam</strong></span> 
     </span>
     <span class='ocr_line' id='line_1_22' title="bbox 157 1867 1660 1926; baseline -0.003 -11"><span class='ocrx_word' id='word_1_159' title='bbox 157 1869 441 1926; x_wconf 87' lang='lat' dir='ltr'><strong>Bacchicum,</strong></span> <span class='ocrx_word' id='word_1_160' title='bbox 473 1868 649 1925; x_wconf 88' lang='lat' dir='ltr'><strong>thyrsus</strong></span> <span class='ocrx_word' id='word_1_161' title='bbox 681 1868 868 1912; x_wconf 83' lang='lat' dir='ltr'><strong>eximiae</strong></span> <span class='ocrx_word' id='word_1_162' title='bbox 892 1868 1208 1924; x_wconf 85' lang='lat' dir='ltr'><strong>magnitudinis</strong></span> <span class='ocrx_word' id='word_1_163' title='bbox 1230 1867 1414 1912; x_wconf 89' lang='lat' dir='ltr'><strong>vehitur.</strong></span> <span class='ocrx_word' id='word_1_164' title='bbox 1461 1867 1660 1923; x_wconf 89' lang='lat' dir='ltr'><strong>Denique</strong></span> 
     </span>
     <span class='ocr_line' id='line_1_23' title="bbox 157 1943 1662 2000; baseline -0.001 -12"><span class='ocrx_word' id='word_1_165' title='bbox 157 1947 234 1989; x_wconf 91' lang='lat' dir='ltr'><strong>illa</strong></span> <span class='ocrx_word' id='word_1_166' title='bbox 264 1944 737 2000; x_wconf 85' lang='lat' dir='ltr'><strong>Dionysosalexandri,</strong></span> <span class='ocrx_word' id='word_1_167' title='bbox 786 1945 824 1987; x_wconf 91' lang='lat' dir='ltr'><strong>si</strong></span> <span class='ocrx_word' id='word_1_168' title='bbox 863 1944 928 1987; x_wconf 89' lang='lat' dir='ltr'><strong>ita</strong></span> <span class='ocrx_word' id='word_1_169' title='bbox 966 1944 1111 1987; x_wconf 91' lang='lat' dir='ltr'><strong>dicere</strong></span> <span class='ocrx_word' id='word_1_170' title='bbox 1150 1944 1269 2000; x_wconf 90' lang='lat' dir='ltr'><strong>licet,</strong></span> <span class='ocrx_word' id='word_1_171' title='bbox 1316 1957 1477 2000; x_wconf 91' lang='lat' dir='ltr'><strong>pompa</strong></span> <span class='ocrx_word' id='word_1_172' title='bbox 1515 1943 1662 1986; x_wconf 89' lang='lat' dir='ltr'><strong>finitur</strong></span> 
     </span>
     <span class='ocr_line' id='line_1_24' title="bbox 157 2019 1658 2079; baseline -0.002 -14"><span class='ocrx_word' id='word_1_173' title='bbox 157 2021 326 2079; x_wconf 89' lang='lat' dir='ltr'><strong>phallo,</strong></span> <span class='ocrx_word' id='word_1_174' title='bbox 374 2033 502 2074; x_wconf 93' lang='lat' dir='ltr'><strong>quem</strong></span> <span class='ocrx_word' id='word_1_175' title='bbox 543 2019 589 2062; x_wconf 91' lang='lat' dir='ltr'><strong>in</strong></span> <span class='ocrx_word' id='word_1_176' title='bbox 631 2020 947 2074; x_wconf 87' lang='lat' dir='ltr'><strong>antiquissimis</strong></span> <span class='ocrx_word' id='word_1_177' title='bbox 991 2019 1255 2064; x_wconf 83' lang='lat' dir='ltr'><strong>Graecorum</strong></span> <span class='ocrx_word' id='word_1_178' title='bbox 1296 2019 1468 2076; x_wconf 90' lang='lat' dir='ltr'><strong>pompis</strong></span> <span class='ocrx_word' id='word_1_179' title='bbox 1507 2019 1658 2063; x_wconf 92' lang='lat' dir='ltr'><strong>ultimo</strong></span> 
     </span>
     <span class='ocr_line' id='line_1_25' title="bbox 157 2094 1660 2155; baseline -0.002 -17"><span class='ocrx_word' id='word_1_180' title='bbox 157 2096 254 2140; x_wconf 92' lang='lat' dir='ltr'><strong>loco</strong></span> <span class='ocrx_word' id='word_1_181' title='bbox 284 2094 388 2138; x_wconf 89' lang='lat' dir='ltr'><strong>ferri</strong></span> <span class='ocrx_word' id='word_1_182' title='bbox 428 2094 602 2137; x_wconf 91' lang='lat' dir='ltr'><strong>solitum</strong></span> <span class='ocrx_word' id='word_1_183' title='bbox 642 2107 739 2137; x_wconf 91' lang='lat' dir='ltr'><strong>esse</strong></span> <span class='ocrx_word' id='word_1_184' title='bbox 778 2099 964 2138; x_wconf 87' lang='lat' dir='ltr'><strong>testatur</strong></span> <span class='ocrx_word' id='word_1_185' title='bbox 994 2094 1251 2138; x_wconf 89' lang='lat' dir='ltr'><strong>Plutarchus</strong></span> <span class='ocrx_word' id='word_1_186' title='bbox 1283 2094 1337 2138; x_wconf 90' lang='lat' dir='ltr'><strong>de</strong></span> <span class='ocrx_word' id='word_1_187' title='bbox 1369 2108 1465 2152; x_wconf 90' lang='lat' dir='ltr'><strong>cup.</strong></span> <span class='ocrx_word' id='word_1_188' title='bbox 1499 2094 1585 2155; x_wconf 73' lang='lat' dir='ltr'><strong>div.</strong></span> <span class='ocrx_word' id='word_1_189' title='bbox 1617 2109 1660 2152; x_wconf 90' lang='lat' dir='ltr'><strong>p.</strong></span> 
     </span>
     <span class='ocr_line' id='line_1_26' title="bbox 158 2167 1661 2235; baseline -0.001 -15"><span class='ocrx_word' id='word_1_190' title='bbox 158 2177 244 2220; x_wconf 80' lang='lat'><strong>527</strong></span> <span class='ocrx_word' id='word_1_191' title='bbox 279 2190 315 2220; x_wconf 92' lang='lat' dir='ltr'><strong>c.</strong></span> <span class='ocrx_word' id='word_1_192' title='bbox 360 2167 390 2234; x_wconf 79' lang='grc' dir='ltr'><em>ἦ</em></span> <span class='ocrx_word' id='word_1_193' title='bbox 425 2168 645 2233; x_wconf 83' lang='grc' dir='ltr'><em>πάτριος</em></span> <span class='ocrx_word' id='word_1_194' title='bbox 677 2172 782 2217; x_wconf 84' lang='grc' dir='ltr'><strong>τῶν</strong></span> <span class='ocrx_word' id='word_1_195' title='bbox 815 2169 1105 2218; x_wconf 84' lang='grc' dir='ltr'><em>Διονυσιων</em></span> <span class='ocrx_word' id='word_1_196' title='bbox 1150 2168 1304 2235; x_wconf 75' lang='grc' dir='ltr'><em>ἑορτὴ</em></span> <span class='ocrx_word' id='word_1_197' title='bbox 1344 2168 1402 2217; x_wconf 85' lang='grc' dir='ltr'><strong>τὸ</strong></span> <span class='ocrx_word' id='word_1_198' title='bbox 1438 2170 1661 2218; x_wconf 86' lang='grc' dir='ltr'><em>παλαῖον</em></span> 
     </span>
     <span class='ocr_line' id='line_1_27' title="bbox 156 2248 1662 2349; baseline -0.001 -50"><span class='ocrx_word' id='word_1_199' title='bbox 156 2251 410 2315; x_wconf 77' lang='grc' dir='ltr'><em>ἕπεμπεῑο</em></span> <span class='ocrx_word' id='word_1_200' title='bbox 439 2250 729 2349; x_wconf 76' lang='grc' dir='ltr'><strong><em>δημοτικῶς</em></strong></span> <span class='ocrx_word' id='word_1_201' title='bbox 754 2252 836 2298; x_wconf 87' lang='grc' dir='ltr'><strong>καὶ</strong></span> <span class='ocrx_word' id='word_1_202' title='bbox 865 2251 1080 2314; x_wconf 80' lang='grc' dir='ltr'><em>ἱλαρῶς,</em></span> <span class='ocrx_word' id='word_1_203' title='bbox 1111 2248 1377 2315; x_wconf 76' lang='grc' dir='ltr'><em>ἀμφορεὺς</em></span> <span class='ocrx_word' id='word_1_204' title='bbox 1402 2249 1550 2300; x_wconf 77' lang='grc' dir='ltr'><em>οἴνου</em></span> <span class='ocrx_word' id='word_1_205' title='bbox 1578 2251 1662 2298; x_wconf 86' lang='grc' dir='ltr'><strong>καὶ</strong></span> 
     </span>
     <span class='ocr_line' id='line_1_28' title="bbox 158 2327 1662 2401; baseline -0.001 -18"><span class='ocrx_word' id='word_1_206' title='bbox 158 2335 430 2401; x_wconf 80' lang='grc' dir='ltr'><em>κληματὶς,</em></span> <span class='ocrx_word' id='word_1_207' title='bbox 482 2327 594 2380; x_wconf 77' lang='grc' dir='ltr'><em>εἶτα</em></span> <span class='ocrx_word' id='word_1_208' title='bbox 644 2331 842 2396; x_wconf 79' lang='grc' dir='ltr'><em>τράγον</em></span> <span class='ocrx_word' id='word_1_209' title='bbox 890 2351 967 2390; x_wconf 85' lang='grc' dir='ltr'><strong>τις</strong></span> <span class='ocrx_word' id='word_1_210' title='bbox 998 2333 1184 2390; x_wconf 75' lang='grc' dir='ltr'><em>εἷλκεν,</em></span> <span class='ocrx_word' id='word_1_211' title='bbox 1222 2332 1380 2392; x_wconf 79' lang='grc' dir='ltr'><em>ἄλλος</em></span> <span class='ocrx_word' id='word_1_212' title='bbox 1428 2332 1662 2398; x_wconf 74' lang='grc' dir='ltr'><em>ἰσχάδων</em></span> 
     </span>
    </p>
   </div>
   <div class='ocr_carea' id='block_1_3' title="bbox 155 2410 1662 2878">
    <p class='ocr_par' dir='ltr' id='par_1_4' title="bbox 155 2410 1662 2628">
     <span class='ocr_line' id='line_1_29' title="bbox 158 2410 1660 2484; baseline -0.001 -18"><span class='ocrx_word' id='word_1_213' title='bbox 158 2416 373 2484; x_wconf 81' lang='grc' dir='ltr'><em>ἄρριχον</em></span> <span class='ocrx_word' id='word_1_214' title='bbox 411 2413 686 2481; x_wconf 73' lang='grc' dir='ltr'><em>ἠκολούθει</em></span> <span class='ocrx_word' id='word_1_215' title='bbox 722 2410 966 2477; x_wconf 73' lang='grc' dir='ltr'><em>κομίζων,</em></span> <span class='ocrx_word' id='word_1_216' title='bbox 1013 2413 1097 2462; x_wconf 80' lang='grc' dir='ltr'><strong>ἕπὶ</strong></span> <span class='ocrx_word' id='word_1_217' title='bbox 1135 2414 1188 2462; x_wconf 71' lang='grc' dir='ltr'><strong>δὲ</strong></span> <span class='ocrx_word' id='word_1_218' title='bbox 1223 2417 1353 2464; x_wconf 84' lang='grc' dir='ltr'><em>πᾶσι</em></span> <span class='ocrx_word' id='word_1_219' title='bbox 1392 2413 1418 2463; x_wconf 83' lang='grc' dir='ltr'><em>ὃ</em></span> <span class='ocrx_word' id='word_1_220' title='bbox 1446 2417 1660 2479; x_wconf 84' lang='grc' dir='ltr'><em>φαλλός.</em></span> 
     </span>
     <span class='ocr_line' id='line_1_30' title="bbox 156 2496 1662 2555; baseline 0.001 -13"><span class='ocrx_word' id='word_1_221' title='bbox 156 2499 309 2543; x_wconf 85' lang='lat' dir='ltr'><strong>Talem</strong></span> <span class='ocrx_word' id='word_1_222' title='bbox 338 2497 668 2555; x_wconf 84' lang='lat' dir='ltr'><strong>phallagogiam</strong></span> <span class='ocrx_word' id='word_1_223' title='bbox 697 2496 938 2553; x_wconf 91' lang='lat' dir='ltr'><strong>simplicem</strong></span> <span class='ocrx_word' id='word_1_224' title='bbox 956 2497 1121 2553; x_wconf 81' lang='lat' dir='ltr'><strong>profert</strong></span> <span class='ocrx_word' id='word_1_225' title='bbox 1138 2497 1454 2555; x_wconf 89' lang='lat' dir='ltr'><strong>Aristophanes</strong></span> <span class='ocrx_word' id='word_1_226' title='bbox 1475 2498 1662 2543; x_wconf 88' lang='lat' dir='ltr'><strong>Acharn.</strong></span> 
     </span>
     <span class='ocr_line' id='line_1_31' title="bbox 155 2560 1352 2628; baseline -0.007 -10"><span class='ocrx_word' id='word_1_227' title='bbox 155 2587 197 2618; x_wconf 88' lang='lat' dir='ltr'><strong>v.</strong></span> <span class='ocrx_word' id='word_1_228' title='bbox 230 2573 318 2617; x_wconf 82' lang='lat'><strong>259</strong></span> <span class='ocrx_word' id='word_1_229' title='bbox 350 2585 414 2628; x_wconf 92' lang='lat' dir='ltr'><strong>sq.</strong></span> <span class='ocrx_word' id='word_1_230' title='bbox 1350 2560 1352 2562; x_wconf 66' lang='grc'><strong>’</strong></span> 
     </span>
    </p>

    <p class='ocr_par' dir='ltr' id='par_1_5' title="bbox 295 2638 1449 2715">
     <span class='ocr_line' id='line_1_32' title="bbox 295 2638 1449 2715; baseline 0.003 -20"><span class='ocrx_word' id='word_1_231' title='bbox 295 2638 336 2696; x_wconf 70' lang='grc' dir='ltr'><em>ὦ</em></span> <span class='ocrx_word' id='word_1_232' title='bbox 372 2649 591 2706; x_wconf 77' lang='grc' dir='ltr'><em>Χανθία,</em></span> <span class='ocrx_word' id='word_1_233' title='bbox 634 2650 785 2715; x_wconf 76' lang='grc' dir='ltr'><em>σφῷν</em></span> <span class='ocrx_word' id='word_1_234' title='bbox 822 2648 869 2697; x_wconf 70' lang='grc' dir='ltr'><strong>δ’</strong></span> <span class='ocrx_word' id='word_1_235' title='bbox 894 2648 1044 2697; x_wconf 71' lang='grc' dir='ltr'><em>ἐστὶν</em></span> <span class='ocrx_word' id='word_1_236' title='bbox 1080 2646 1449 2712; x_wconf 72' lang='grc' dir='ltr'><em>ὄρθὸςὲκτέος</em></span> 
     </span>
    </p>

    <p class='ocr_par' dir='ltr' id='par_1_6' title="bbox 293 2728 1334 2795">
     <span class='ocr_line' id='line_1_33' title="bbox 293 2728 1334 2795; baseline 0.002 -18"><span class='ocrx_word' id='word_1_237' title='bbox 293 2728 320 2778; x_wconf 85' lang='grc' dir='ltr'>ὅ</span> <span class='ocrx_word' id='word_1_238' title='bbox 358 2729 560 2792; x_wconf 85' lang='grc' dir='ltr'><em>φαλλὸς</em></span> <span class='ocrx_word' id='word_1_239' title='bbox 591 2729 839 2787; x_wconf 70' lang='grc' dir='ltr'><em>ἐξόπισθε</em></span> <span class='ocrx_word' id='word_1_240' title='bbox 873 2732 969 2795; x_wconf 84' lang='grc' dir='ltr'><strong>τῆς</strong></span> <span class='ocrx_word' id='word_1_241' title='bbox 1004 2729 1334 2795; x_wconf 77' lang='grc' dir='ltr'><em>κανηφόρου·</em></span> 
     </span>
    </p>

    <p class='ocr_par' dir='ltr' id='par_1_7' title="bbox 287 2808 1443 2878">
     <span class='ocr_line' id='line_1_34' title="bbox 287 2808 1443 2878; baseline 0.003 -19"><span class='ocrx_word' id='word_1_242' title='bbox 287 2810 388 2878; x_wconf 75' lang='grc' dir='ltr'><strong>ἐγώ</strong></span> <span class='ocrx_word' id='word_1_243' title='bbox 427 2810 474 2859; x_wconf 77' lang='grc' dir='ltr'><strong>δ’</strong></span> <span class='ocrx_word' id='word_1_244' title='bbox 498 2808 806 2861; x_wconf 77' lang='grc' dir='ltr'><em>ἀκολουθῶν</em></span> <span class='ocrx_word' id='word_1_245' title='bbox 842 2810 1038 2878; x_wconf 78' lang='grc' dir='ltr'><em>ᾄσομαι</em></span> <span class='ocrx_word' id='word_1_246' title='bbox 1074 2809 1134 2860; x_wconf 86' lang='grc' dir='ltr'><strong>τὸ</strong></span> <span class='ocrx_word' id='word_1_247' title='bbox 1171 2812 1443 2875; x_wconf 83' lang='grc' dir='ltr'><em>φαλλικόν.</em></span> 
     </span>
    </p>
   </div>
  </div>
 </body>
</html>
