1844 3140
139 326 272 376 ἄλλα
319 324 373 383 ἒς
418 323 622 390 τρυφὴν
669 322 809 387 παρὰ
859 321 951 381 τὰς
996 320 1153 379 ὀδοὺς
1190 318 1638 389 συγκεκομισμένα

137 403 272 468 πρὸς
305 405 411 452 τῶν
447 400 784 467 Καρμανίων,
823 402 906 450 καὶ
944 403 1107 450 ταῦτα
1140 397 1276 463 πρὸς
1298 398 1522 464 μίμησιν
1547 399 1641 463 τῆς

139 481 397 530 Διονύσου
438 479 686 546 Βακχείας
734 478 1029 544 ἀπεικάσθη
1057 475 1400 541 Ἀλεξάνδρῳ,
1438 471 1516 524 ὃτι
1554 475 1638 522 καὶ

138 558 265 623 ὖπὲρ
292 558 487 609 ἐκείνου
516 557 673 623 λόγος
705 558 905 623 ἕλε’γετο
933 554 1430 620 καταστρεψάμενον
1447 550 1641 610 Ἰνδοὺς

140 634 577 688 Δ·ιόνυσον.οῧτω
626 635 721 702 τὴν
766 634 968 701 πολλὴν
1027 637 1122 701 τῆς
1161 632 1338 691 Ἄσίας
1383 631 1637 688 ἐπελθεῖν,

142 717 225 764 καὶ
264 714 534 779 Θρίαμβόν
567 733 623 763 τε
663 712 824 763 αὕτόν
870 714 1215 780 ἐπικληθῆναι
1251 712 1344 762 τὸν
1379 709 1641 760 Διόνυσον

140 795 223 842 καὶ
252 792 344 852 τὰς
367 794 451 842 ἐπὶ
483 800 596 851 ταῖς
623 792 787 851 νίκαις
812 799 928 851 ταῖς
952 792 1007 840 ἕκ
1042 791 1271 855 πολέμου
1307 788 1522 854 πομπὰς
1555 787 1640 837 ἐπὶ

142 875 210 937 τῷ
237 870 374 937 αὖτῷ
389 871 553 936 τούτῳ
570 870 871 934 θριάμβους.
922 870 1193 925 Quamquam
1218 868 1541 913 concedendum
1560 874 1640 924 est,

139 964 250 1005 quae
288 949 498 993 Arrianus
535 949 696 1005 aliiQue
736 948 970 1006 scriptores
1012 947 1147 1007 (Curt.
1186 949 1254 992 IX
1287 949 1356 1005 10,
1389 948 1460 993 25.
1507 948 1639 993 Diod.

140 1027 268 1070 XVII
301 1027 399 1069 106.
446 1026 558 1069 l'lut.
591 1025 714 1069 Alex.
751 1026 821 1068 67.
861 1025 1017 1068 Athen.
1049 1025 1138 1067 XII
1167 1038 1271 1081 pag.
1304 1024 1426 1082 538.)
1468 1024 1524 1068 de
1554 1025 1639 1069 hac

140 1117 187 1146 re
219 1102 502 1157 tradiderunt,
543 1101 656 1144 fictis
687 1100 1012 1144 narrationibus
1050 1100 1214 1156 pluries
1247 1113 1345 1144 esse
1383 1099 1639 1156 depravata,

141 1190 273 1233 quare
316 1176 527 1219 Arrianus
564 1179 690 1232 putat
729 1189 819 1219 rem
857 1188 908 1219 eo
951 1188 1048 1219 esse
1089 1173 1393 1232 reducendam,
1436 1180 1484 1218 ut
1523 1175 1642 1219 dicat

142 1256 305 1301 θῦσαι
331 1252 388 1301 ἕν
412 1250 686 1316 Καρμανία
705 1248 1044 1314 Ἀλέξανδρον
1066 1250 1380 1318 χαριστήρια
1407 1255 1502 1318 τῆς
1528 1256 1642 1301 κατ’

137 1329 310 1380 Ἰνδῶν
352 1329 497 1396 νίκης
542 1331 625 1378 καὶ
664 1327 791 1394 ὑπὲρ
828 1332 920 1396 τῆς
958 1331 1222 1394 στρατιᾶς,
1275 1327 1353 1378 ὅτι
1388 1328 1641 1427 ἀπεσώθη

143 1411 198 1459 ἐκ
228 1409 546 1473 Γαδρωσίων
582 1410 665 1456 καὶ
703 1407 879 1473 ἀγῶνα
908 1409 1160 1458 διαθεῖναι
1180 1410 1441 1473 μουσικόν
1474 1428 1530 1458 τε
1558 1411 1641 1457 καὶ

147 1487 418 1552 γυμνικόν,
457 1487 537 1545 (VI
567 1487 643 1544 28)
675 1491 822 1531 tamen
864 1500 960 1531 cum
1001 1487 1228 1531 Welckero
1261 1487 1490 1546 (Theolog.
1522 1488 1567 1531 Π
1597 1503 1641 1545 p.

145 1566 231 1609 625
253 1570 341 1608 not.
367 1566 471 1623 160)
479 1579 567 1608 non
582 1566 737 1621 dicam,
756 1570 890 1608 totam
907 1565 1026 1608 illam
1050 1565 1344 1627 narrationem
1365 1579 1464 1609 esse
1484 1566 1642 1609 fictam.

144 1642 255 1686 Nam
298 1640 336 1685 si
377 1640 660 1698 reputaveris,
707 1653 837 1695 quam
879 1639 1131 1695 divulgatae
1167 1639 1343 1684 fabulae
1385 1640 1439 1685 de
1470 1640 1643 1686 Baccho

145 1718 217 1761 illo
237 1723 430 1774 tempore
448 1717 543 1760 sinc
560 1716 692 1759 dubio
713 1715 875 1759 fuerint
901 1716 1020 1773 apud
1042 1715 1216 1772 milites,
1244 1715 1488 1771 deindeque
1511 1730 1645 1772 quan-

144 1798 234 1837 tum
261 1792 497 1838 Alexandri
518 1791 774 1848 interfuerit,
808 1805 883 1836 eas
915 1792 1102 1849 amplius
1133 1792 1274 1836 excoli
1305 1796 1435 1848 atque
1466 1792 1645 1836 circum-

143 1868 265 1926 ferri,
307 1868 496 1912 maxime
535 1867 593 1911 ad
631 1868 1054 1912 verisimilitudinem
1091 1868 1299 1913 accedere
1339 1881 1508 1912 mecum
1547 1882 1645 1912 con-

145 1945 322 2000 senties,
354 1945 661 2000 Alexandrum,
693 1949 923 2000 postquam
955 1950 1209 2001 expugnata
1239 1945 1367 1989 India
1394 1945 1576 2001 dignum
1599 1959 1646 1988 se

89 2020 113 2059 .”
144 2020 345 2077 praebuit
386 2019 547 2063 Bacchi
589 2018 922 2076 aemulatorem,
970 2019 1027 2062 ad
1074 2020 1379 2064 celebrandam
1418 2019 1647 2063 victoriam

144 2095 421 2150 magnificum
453 2095 661 2138 habuisse
691 2108 770 2150 per
792 2095 1097 2139 Caramaniam
1123 2095 1402 2152 triumphum,
1434 2109 1519 2150 quo
1541 2096 1647 2139 Bac-

145 2170 271 2214 chum
303 2169 641 2227 triumphantem
681 2169 905 2213 aemulans
935 2170 1171 2226 fingeretur
1187 2169 1236 2230 ¹).
1300 2172 1410 2214 Tam
1440 2184 1648 2227 magnum

145 2250 289 2290 autem
321 2245 366 2288 in
397 2245 483 2289 illis
515 2244 789 2289 celebrandis
830 2244 956 2289 festis
998 2250 1217 2309 sumptum
1249 2260 1348 2290 esse
1378 2246 1648 2304 impendium

145 2323 234 2367 noli
259 2320 580 2378 mirari,*quod
603 2319 707 2376 quia
727 2319 773 2363 in
796 2320 972 2376 ingenio
998 2321 1116 2365 illius
1141 2322 1300 2366 aetatis
1321 2327 1420 2366 verat
1443 2322 1647 2379 positum.

264 2399 463 2455 Denique
509 2397 888 2442 commemoranda
940 2402 1041 2441 sunt
1094 2398 1258 2454 Magna
1305 2398 1543 2465 Dionysia,
1591 2398 1648 2442 ab

145 2475 395 2520 Alexandro
428 2473 672 2530 Egbatanis
704 2473 943 2530 celebrata,
983 2474 1141 2529 quibus
1172 2478 1440 2531 quantopere
1471 2473 1649 2518 fabulae

146 2551 202 2611 de
225 2550 473 2594 Alexandro
506 2548 633 2604 quasi
663 2548 878 2592 Bacchico
910 2549 998 2592 iam
1028 2548 1190 2592 fuerint
1221 2549 1433 2606 excultae,
1466 2555 1651 2606 apparet

147 2641 201 2671 ex
232 2622 378 2670 verbis
410 2624 624 2669 Athenaei
656 2626 744 2669 XII
774 2637 876 2680 pag.
909 2623 1036 2667 5381*
1063 2624 1146 2684 καὶ
1181 2621 1352 2671 ἔκτοτε
1384 2624 1441 2671 οἶ
1469 2623 1650 2686 πρότε-

149 2717 243 2761 ρον
291 2696 600 2771 καλούμενοι
664 2695 1105 2759 δίονυσοκόλακες
1151 2700 1652 2764 ἄλεξανδροκόλακες

252 2845 281 2892 ¹)
306 2845 353 2882 cf.
380 2846 570 2895 Droysen.
599 2844 818 2881 Alexander
842 2856 880 2900 p.
906 2845 979 2880 484
1002 2847 1080 2880 not.
1109 2844 1164 2880 15.

1313 2902 1366 2939 3*
