1844 3140
816 186 1113 229 „22-

210 306 404 358 gestans.
479 303 605 370 Quod
645 305 888 350 Penteteris
926 306 1043 351 Anni
1086 311 1273 353 statuam
1322 310 1536 369 sequitur,
1585 311 1711 357 docu-

209 384 355 422 mento
388 384 477 436 est,
517 380 626 424 illud
664 380 823 425 festum
864 387 908 425 et
938 389 1090 437 quarto
1130 397 1300 439 quoque
1331 399 1446 428 anno
1460 387 1494 443 ¹)
1538 392 1581 430 et
1611 400 1711 442 quo-

209 452 356 497 tannis
368 452 422 510 2),
465 466 729 509 quamquam
767 460 856 499 tam
895 457 1129 512 magnifico
1159 458 1348 503 fortasse
1379 467 1595 516 apparatu
1625 476 1712 505 non

209 527 432 586 adhibito,
465 541 564 573 esse
596 530 872 575 celebratum.

330 622 443 665 Tum
473 622 682 666 incedunt
705 623 829 667 Anni
864 626 1116 683 temporass),
1151 628 1484 684 unumquodque
1512 630 1713 686 proprios

208 696 374 740 fructus
400 702 594 753 gestans.
644 698 739 747 Hoc
770 713 798 742 a
828 704 975 744 vetere
1007 715 1169 759 pompa
1200 703 1712 749 Bacchica'Grraecorum

210 777 278 816 est
309 763 606 830 desumptum,
645 776 690 818 in
723 788 808 829 qua
838 777 1010 832 puellae
1041 777 1263 821 iuventute
1295 778 1496 823 florentes
1528 780 1713 824 calathis

210 848 429 906 primitias
459 848 633 905 frugum
664 851 911 907 portabant.

330 943 426 986 Iam
457 942 651 999 sequitur
682 944 908 989 Philiscus
943 962 1039 989 cum
1069 947 1315 1003 artificibus
1346 949 1572 991 scaenicis.
1626 948 1712 991 Du-

209 1018 344 1062 bitari
389 1032 477 1062 non
523 1024 686 1076 potest,
734 1020 839 1075 quin
887 1021 942 1064 de
989 1021 1252 1078 Corcyraeo,
1300 1028 1432 1078 poeta
1477 1023 1646 1077 tragico
1690 1037 1713 1066 e

210 1094 408 1151 Pleiade,
451 1100 579 1150 quem
622 1096 872 1140 Callixenus
904 1097 1175 1141 sacerdotem
1206 1098 1368 1141 Bacchi
1399 1098 1613 1155 appellat,
1656 1098 1714 1141 sit

212 1172 507 1228 cogitandum.
555 1172 687 1215 Tanti
703 1172 838 1227 igitur
853 1173 1139 1217 Alexandrini
1169 1178 1307 1217 artem
1330 1173 1564 1230 praecipue
1596 1187 1713 1217 scae-

209 1248 355 1292 nicam
382 1248 739 1306 aestimaverunt,
769 1254 816 1292 ut
841 1254 1016 1306 poetam
1040 1250 1254 1306 tragicum
1271 1250 1522 1294 antistidem
1539 1250 1713 1306 Bacchi,

212 1324 287 1379 qui
326 1324 515 1368 maxime
551 1324 677 1381 poesi
715 1325 886 1381 tragica
925 1326 1165 1382 colebatur,
1205 1325 1456 1382 redderent,
1496 1338 1626 1380 quam
1658 1325 1713 1368 ob

210 1413 301 1443 rem
332 1399 379 1443 in
410 1413 574 1457 pompa
602 1400 820 1445 Bacchica
860 1405 950 1445 tam
992 1401 1183 1458 amplum
1224 1401 1365 1445 locum
1407 1401 1556 1444 tenuit.
1619 1400 1713 1452 Quo

211 1490 350 1533 usque
398 1477 590 1521 Graecos
636 1477 907 1534 processisse
953 1490 1214 1532 quamquam
1262 1477 1468 1521 traditum
1508 1489 1595 1536 non
1635 1480 1714 1533 est,

210 1557 357 1597 tamen
377 1552 575 1596 conicere
600 1552 702 1596 licet
715 1552 878 1596 Bacchi
907 1565 1077 1608 quoque
1099 1553 1346 1597 Eleutherei
1374 1552 1643 1596 sacerdotem
1671 1553 1716 1596 in
1759 1598 1762 1600 ,

210 1642 376 1687 pompa
391 1628 610 1673 Bacchica
625 1628 770 1685 amplo
793 1628 982 1684 quodam
1003 1628 1098 1672 loco
1116 1628 1363 1686 incessisse,
1389 1642 1515 1685 quem
1532 1630 1717 1674 eundem

212 1706 258 1748 in
297 1705 468 1748 theatro
517 1704 564 1747 in
603 1705 747 1761 prima
794 1718 930 1748 cavea
976 1709 1199 1761 spectasse
1242 1705 1526 1760 cognovimus
1565 1719 1619 1748 ex
1656 1706 1717 1748 in-

213 1780 525 1838 scriptionibus
567 1780 751 1837 repertis
789 1780 835 1823 in
876 1780 1045 1824 theatro
1084 1780 1341 1825 Atheniensi
1378 1794 1515 1838 nuper
1557 1781 1715 1825 efosso.

211 1856 426 1915 (Vischer.
473 1855 558 1900 Die
588 1855 935 1910 Entdeckungen
966 1854 1026 1898 im
1058 1854 1246 1899 Theater
1283 1855 1360 1899 des
1399 1856 1621 1913 Dionysos
1664 1870 1717 1899 zu

312 2043 339 2091 1)
366 2043 708 2090 Quinquennalium
741 2042 1011 2079 Bacchicorum
1037 2053 1059 2078 a
1084 2043 1245 2088 nemine,
1283 2042 1386 2089 quod
1412 2043 1538 2087 sciam,
1576 2043 1716 2079 mentio

211 2103 314 2140 facta
342 2107 403 2141 est
426 2106 581 2150 praeter
605 2103 727 2140 solum
753 2103 996 2140 scholiastam
1020 2103 1069 2139 ad
1092 2102 1207 2139 Arist.
1229 2103 1317 2139 Pac.
1345 2114 1381 2139 v.
1408 2103 1476 2138 841
1504 2102 1716 2150 (Becker.):

211 2163 381 2214 παρόσον
406 2163 469 2199 tho?
495 2164 766 2211 πενταετηροῢς
790 2162 928 2211 χρόνου
953 2163 1086 2208 ἤγοντο
1114 2166 1153 2198 αἱ
1181 2166 1335 2212 Θεωρίαι
1360 2164 1436 2197 τῶν
1460 2166 1673 2198 Διονυσίων.

310 2223 341 2271 ²)
368 2223 493 2267 Quare
528 2225 631 2260 stare
666 2234 741 2259 non
774 2234 892 2269 posse
919 2234 1071 2268 censeo,
1097 2223 1211 2268 quod.
1240 2222 1280 2259 O.
1306 2222 1574 2259 Boetticherus
1601 2223 1716 2269 (Tek-

211 2283 320 2321 tonik
342 2283 398 2321 IV
422 2294 458 2330 p.
485 2282 572 2331 240)
603 2283 651 2320 de
688 2282 759 2332 hac
791 2294 833 2320 re
871 2283 978 2320 dicit:
1037 2283 1115 2320 Die
1156 2283 1315 2320 Silenen
1345 2284 1508 2331 filhrten
1542 2282 1585 2319 in
1611 2282 1719 2320 ihrer

210 2345 326 2382 Mitte
361 2344 476 2381 einen
511 2344 596 2381 υἱον
631 2345 748 2380 Ellen
781 2345 907 2380 hohen
943 2345 1085 2389 Mann,
1129 2344 1173 2380 in
1199 2344 1432 2391 trayischem
1465 2344 1623 2380 Costiim
1647 2344 1720 2379 mit

211 2405 362 2449 Maske,
401 2405 563 2441 welcher
600 2403 665 2440 ein
689 2404 999 2440 Amaltheahorn
1036 2405 1127 2450 truy
1160 2404 1243 2439 und
1268 2404 1342 2439 clas
1366 2402 1506 2450 heiliye
1530 2404 1717 2450 Festjahr

207 2462 390 2504 Ἐνιαυτός
415 2465 622 2510 vorstellte,
661 2465 823 2500 welches
860 2465 984 2500 durch
1019 2463 1104 2500 eine
1135 2475 1189 2499 an
1217 2463 1371 2512 Grb'sse,
1403 2463 1610 2500 Sclw'nhez't
1633 2464 1717 2500 und

212 2525 503 2562 Goldschmuck
532 2524 840 2572 ausyezeichnete
872 2525 997 2570 Fran,
1029 2523 1093 2560 die
1124 2523 1168 2559 in
1202 2524 1272 2559 der
1306 2523 1420 2559 einen
1454 2522 1582 2559 Hand
1603 2523 1718 2560 einen

210 2586 523 2631 Persaeakranz,
549 2585 595 2622 in
619 2585 691 2621 der
712 2586 885 2622 anderen
912 2586 1027 2622 einen
1043 2584 1280 2631 Palmz‘weiq
1303 2584 1408 2629 hielt,
1434 2586 1496 2620 als
1518 2584 1583 2621 ein
1604 2587 1718 2632 svnt·-

207 2645 395 2692 jiihrz‘yer
418 2645 627 2681 Zeitraum
651 2648 872 2692 πεντετηρίς
897 2646 1050 2680 erklc'irt
1073 2644 1219 2679 warde.

310 2715 340 2764 ³)
363 2717 408 2753 In
440 2716 533 2754 artis
567 2727 722 2763 quoque
760 2716 1013 2754 monumentis
1044 2716 1167 2753 Horas
1202 2726 1320 2762 saepe
1346 2727 1430 2752 cum
1456 2716 1605 2753 Baccho
1632 2727 1717 2753 con-

208 2776 358 2813 iunctas
394 2777 626 2823 reperimus:
673 2777 717 2814 G.
751 2777 876 2813 Giust.
909 2777 946 2812 11
980 2776 1061 2812 120.
1123 2776 1259 2813 Bouill.
1295 2777 1349 2812 III
1384 2778 1442 2823 37,
1477 2778 1508 2812 1.
1572 2776 1715 2813 Clarae.

210 2835 264 2881 pl.
291 2835 373 2873 146.
