1844 3140
250 1029 516 1107 Athenaeus
549 1063 640 1120 (lib.
668 1064 718 1119 V,
743 1076 844 1119 pag.
874 1060 1126 1119 197—203)
1158 1073 1346 1117 pompae
1376 1058 1632 1115 descriptio-

131 1152 230 1183 nem
254 1137 457 1195 servavit,
485 1137 758 1195 desumptam
778 1150 831 1180 ex
856 1136 1070 1180 Gallixeni
1094 1149 1224 1193 opere
1255 1135 1372 1198 περὶ
1403 1132 1633 1191 Ἀλεξαν-

135 1214 305 1278 δρειάς
319 1216 544 1272 inscripto.
592 1216 659 1258 De
689 1216 786 1271 ipso
809 1215 1033 1258 Oallixeno
1065 1213 1173 1257 nihil
1204 1218 1470 1270 compertum
1499 1212 1632 1256 lrabe-

112 1306 253 1348 -mus3
286 1292 443 1349 operis,
475 1292 592 1347 quod
624 1292 678 1336 de
702 1291 971 1336 Alexandria
998 1290 1186 1348 scripsit,
1219 1301 1362 1348 pauca
1384 1289 1633 1346 fragmenta

133 1367 251 1423 apud
282 1367 554 1411 Athenaeum
588 1373 831 1424 supersunt.
889 1368 941 1410 In
973 1371 1176 1421 quattuor
1208 1370 1322 1409 certe
1352 1367 1488 1410 libros
1520 1380 1632 1423 opus

135 1442 380 1499 distribuit3
427 1442 813 1487 nam‘Athenaeus
844 1446 933 1487 tres
963 1442 1083 1486 locos
1116 1442 1217 1500 (IX,
1251 1456 1293 1499 p.
1326 1442 1434 1499 378,
1467 1441 1519 1498 d3
1551 1441 1630 1499 XI,

132 1533 175 1574 p.
208 1518 310 1573 483,
342 1517 380 1574 f3
414 1519 465 1574 V,
497 1533 539 1574 p.
576 1517 850 1575 196—-203)‚
894 1532 918 1561 e
937 1521 1111 1572 quarto
1149 1518 1260 1561 libro
1302 1518 1440 1561 affert.
1504 1517 1634 1569 Quod

110 1587 187 1637 'ad
228 1597 529 1650 argumentum
575 1581 745 1650 spectat
757 1628 768 1650 ,
816 1593 1066 1637 Gallixenus
1113 1592 1264 1637 urbem
1304 1591 1629 1651 Alexandriam,

130 1668 323 1723 insignia
360 1669 453 1712 eius
493 1674 771 1712 monumenta
809 1674 852 1712 et
882 1668 996 1712 festa
1027 1668 1316 1724 descripsisse
1347 1669 1539 1726 videtur,
1584 1671 1631 1714 in·

129 1758 216 1799 qua
252 1749 398 1788 tamen
440 1743 715 1801 disponenda
755 1743 938 1787 materia
976 1757 1106 1798 quam
1144 1743 1263 1787 viam
1302 1743 1360 1787 sit
1390 1744 1629 1803 ingressus,

130 1819 332 1876 equidem
364 1820 581 1878 explicare
612 1833 698 1864 non
728 1833 921 1877 possum.
990 1819 1116 1864 Hune
1156 1820 1273 1864 enim
1303 1832 1443 1876 neque
1473 1832 1629 1879 rerum,

130 1909 239 1952 quas
262 1896 517 1953 descripsit,
549 1909 690 1951 neque
720 1900 963 1953 temporum
992 1896 1202 1941 habuisse
1231 1896 1444 1941 rationem
1469 1897 1516 1940 in
1543 1897 1630 1941 dis—

128 1972 331 2028 ponendo
363 1977 619 2028 argumento
651 1986 706 2016 ex
737 1986 789 2016 eo
822 1973 1075 2029 conlegeris,
1115 1973 1234 2028 quod
1261 1973 1402 2030 primo
1432 1973 1543 2026 libro
1575 1973 1630 2017 de

127 2048 331 2105 navibus,
364 2061 474 2104 quas
504 2049 779 2093 Ptolemaeus
809 2049 1062 2107 Philopator
1093 2049 1343 2094 aedificavit
1374 2049 1548 2108 (Athen.
1577 2049 1628 2107 V,

128 2137 229 2180 pag.
245 2125 342 2180 203
362 2123 399 2183 f)
413 2159 424 2181 ,
457 2130 609 2181 quarto
641 2125 696 2169 de
726 2125 1004 2183 Philadelphi
1035 2126 1252 2170 classibus
1278 2126 1475 2184 disputat
1506 2126 1628 2184 (pag.

129 2201 216 2243 203
242 2200 303 2259 d).
342 2227 400 2232 —
443 2200 673 2257 Quartum,
715 2213 842 2256 quem
873 2201 1125 2246 Athenaeus
1156 2215 1211 2246 ex
1242 2201 1475 2246 Oaffixenov
1500 2202 1629 2246 affert

127 2275 268 2319 locum
298 2275 394 2335 (XI,
414 2289 517 2333 pag.
539 2276 677 2320 472a.
712 2274 856 2335 τινὰς
891 2276 1106 2344 ἔχοντας
1141 2277 1466 2342 θηρικλείους
1497 2291 1629 2341 πομ-

129 2352 322 2411 πεύειν,
367 2353 491 2413 τοὺς
523 2354 577 2403 δὲ
613 2355 897 2422 καρχήσια)
932 2349 1116 2402 eundem
1158 2370 1182 2401 e
1213 2361 1366 2413 quarto
1407 2356 1519 2401 libro
1557 2357 1628 2402 de-

128 2435 347 2489 sumptum
365 2446 462 2478 esse
487 2435 640 2491 negari
662 2448 750 2478 non
773 2439 931 2492 potest.
977 2435 1035 2479 Hi
1062 2435 1177 2480 enim
1204 2434 1490 2502 θηρίκλειοι
1520 2435 1627 2483 κτλ.

130 2509 244 2554 inter
283 2524 339 2554 ea
377 2524 487 2556 vasa
527 2513 781 2557 numerandi
825 2517 947 2570 sunt,
992 2526 1106 2569 quae
1144 2514 1189 2558 in
1205 2513 1383 2572 'pompa
1411 2514 1631 2559 Bacchica

128 2584 260 2647 dueta
291 2597 388 2630 esse
408 2587 677 2663 Athenaeus
700 2593 852 2633 narrat
882 2589 1187 2655 (θηρίκλειοι
1226 2604 1270 2648 p2.
1305 2590 1390 2634 199
1423 2604 1466 2648 c,
1509 2607 1629 2654 καρ-

124 2660 287 2727 χήσια
320 2676 363 2718 p.
399 2667 485 2710 198
514 2667 569 2725 c).
640 2667 840 2722 Denique
870 2668 1190 2725 Harpocration
1221 2682 1255 2712 s.
1288 2682 1329 2712 v.
1364 2668 1627 2734 ἐγγυθήκη

129 2745 325 2806 eiusdem
371 2743 514 2801 quarti
558 2743 661 2788 libri
705 2745 969 2789 mentionem
1013 2744 1133 2789 facit.
1210 2745 1333 2790 Idem
1375 2746 1628 2791 Callixenus

129 2823 306 2882 scripsit
339 2814 632 2886 ζωγράφων
666 2839 719 2869 τε
748 2822 833 2883 καὶ
855 2818 1304 2887 ἀνδριαντοποιῶν
1327 2821 1627 2890 ἀναγραφή,

1294 2900 1340 2938 1*
