1844 3140
734 202 1031 245 -17—

130 329 184 386 ἒς
218 328 409 378 Νῦσαν
445 327 542 394 τὴν
574 326 703 390 ὑπὲρ
734 325 1008 391 Αἰγύπτου
1047 325 1243 374 ἐοῦσαν
1278 325 1337 373 ἕν
1360 326 1428 390 τῇ
1452 325 1631 373 Αἰθιο-

130 407 221 473 πιξη
234 442 246 465 ,
279 407 349 452 cui
379 406 542 464 addas,
574 405 691 462 quod
721 404 955 463 Euripides
986 403 1143 470 Bacch.
1174 417 1216 448 v.
1249 402 1338 448 282
1369 402 1477 448 dicit
1486 420 1532 466 a,

330 489 413 536 καὶ
451 487 734 552 καταγελᾶς
769 505 851 536 νιν
887 485 957 545 ὥς
990 486 1249 551 ἐνερράφη
1288 484 1408 543 Διός

328 568 509 632 mosis
1168 633 1176 636 .

129 647 183 692 cf.
215 662 256 692 v.
288 649 389 692 294.
452 648 651 704 Denique
686 648 765 692 illa
794 661 864 692 res
893 648 965 692 vel
1001 646 1318 703 antiquissimis
1349 646 1531 703 picturis
1562 650 1630 690 est

128 725 367 783 proposita.
408 725 640 784 (Weleker.
669 723 819 769 Theol.
847 725 904 768 II.
925 723 1026 781 580,
1057 728 1145 767 not.
1165 723 1257 782 20.)
1303 724 1442 767 Immo
1468 735 1540 767 res
1565 722 1631 766 ita

129 815 226 846 sese
262 801 407 857 habet,
447 805 495 843 ut
532 800 754 842 nominum
797 799 1095 855 similitudine,
1137 798 1192 842 de
1230 811 1317 853 qua
1347 798 1454 854 dixi,
1486 798 1628 841 Maee-

128 877 265 922 dones
295 875 528 934 perductos
560 887 658 919 esse
689 874 1016 931 constituamus,
1048 878 1096 917 ut
1125 877 1315 917 montem
1332 873 1499 917 Merum
1531 886 1628 916 cum

94 989 97 992 .
128 952 205 995 illa
233 951 384 996 fabula
415 951 740 1005 coniungerent.
1040 959 1044 962 ’

246 1027 413 1070 Natura
458 1025 591 1081 igitur
636 1028 778 1068 terrae
826 1027 869 1067 et
913 1023 1165 1080 incolarum,
1213 1022 1447 1067 accedente
1491 1022 1627 1066 nomi-

126 1114 229 1144 num
272 1106 482 1145 concentu
522 1100 684 1144 factum
726 1105 804 1155 est,
851 1103 899 1142 ut
928 1099 1192 1143 Macedones
1233 1099 1425 1154 vestigia
1465 1099 1628 1143 Bacchi

127 1176 316 1232 reperire
348 1176 432 1219 sibi
475 1176 743 1232 viderentur,
785 1175 1044 1230 fabulasque
1080 1175 1320 1219 Bacchicas
1356 1175 1402 1218 in
1432 1174 1532 1219 illas
1562 1188 1626 1218 re-

127 1252 280 1306 giones
310 1255 658 1308 transponerent.
705 1251 953 1295 Alexander
991 1255 1135 1294 autem
1172 1250 1262 1294 illis
1292 1250 1472 1306 fabulis,
1514 1263 1627 1305 quae

127 1326 230 1380 quia
269 1326 567 1382 praevidebat,
608 1325 760 1380 quanti
799 1325 1007 1368 momenti
1046 1324 1218 1368 futurae
1261 1329 1409 1368 essent
1446 1319 1504 1368 ad
1545 1324 1626 1368 eri-

127 1402 294 1456 gendos
333 1402 518 1444 militum
556 1401 739 1457 animos,
778 1401 851 1455 qui
894 1415 963 1444 res
1001 1416 1029 1444 a
1066 1400 1238 1444 Baccho
1286 1405 1434 1456 gestas
1480 1414 1624 1444 aemu-

128 1470 212 1520 lari
241 1476 326 1520 sibi
346 1475 610 1533 viderentur,
642 1476 819 1532 egregie
849 1476 1028 1521 favebat
1058 1480 1235 1521 auctore
1265 1476 1452 1520 Arriano
1482 1476 1623 1520 Anab.

124 1553 163 1596 V
204 1553 245 1608 2,
287 1553 326 1596 1.
389 1554 470 1599 καὶ
507 1554 671 1600 ταῦτα
716 1551 885 1600 πάντα
914 1550 1235 1617 Ἀλεξάνδρῳ
1283 1551 1419 1615 πρὸς
1450 1553 1625 1614 θυμοῦ

125 1629 355 1694 ἐγίγνετο
391 1629 616 1687 ἇκούειν,
652 1632 736 1678 καὶ
765 1628 912 1696 ἤθελε
938 1628 1099 1678 πιστὰ
1127 1623 1260 1678 εἶναι
1287 1628 1349 1678 τὰ
1376 1627 1504 1693 ὖπὲρ
1530 1631 1626 1677 τοῦ

128 1707 386 1756 Διονύσου
422 1710 513 1773 τῆς
536 1707 739 1774 πλάνης
760 1707 1114 1772 μυθευόμενα·
1153 1708 1236 1755 καὶ
1263 1707 1455 1772 κτίσμα
1490 1702 1624 1757 εἶναι

127 1785 384 1832 Διονύσου
419 1786 519 1850 τὴν
554 1785 745 1835 Νῦσαν
781 1785 984 1851 ἤθελεν,
1036 1785 1106 1844 ὥς
1139 1784 1235 1851 ἤδη
1270 1805 1323 1834 τε
1357 1783 1499 1851 ἥκειν
1537 1785 1625 1833 αὖ·

126 1859 215 1920 τὸς
247 1860 373 1912 ἔνθα
408 1853 531 1929 ἦλθε
568 1863 833 1923 Διόνυσος.

244 1942 337 1983 Iam
375 1941 505 1985 facile
542 1943 636 1986 fieri
672 1943 828 1999 potuit,
866 1948 913 1986 ut
950 1943 1225 2000 Macedones,
1265 1943 1435 1986 incitati
1473 1943 1623 1985 divino

124 2015 313 2070 quodam
365 2016 519 2060 ardore
560 2017 824 2061 bacchantes
865 2017 911 2061 in
950 2017 1090 2074 festis,
1135 2031 1248 2073 quae
1287 2016 1537 2061 Alexander
1576 2016 1623 2060 in

125 2090 331 2133 honorem
361 2091 522 2134 Bacchi
553 2091 708 2135 habuit
739 2091 872 2150 [Curt.
904 2093 1012 2135 VIII
1044 2093 1113 2149 10,
1148 2093 1218 2135 17.
1265 2094 1325 2136 Et
1354 2109 1434 2136 rem
1453 2094 1623 2150 fortui—

124 2172 214 2209 tam
244 2166 460 2209 laetitiam
490 2182 575 2211 non
604 2174 827 2212 aversatus
858 2167 981 2226 Zao-qe
1007 2168 1070 2211 acl
1092 2168 1246 2227 epulas
1269 2167 1467 2212 omnibus
1490 2183 1624 2226 prae-

126 2241 229 2285 bitis
260 2258 348 2299 per
386 2243 529 2284 decem
567 2243 662 2286 dies
702 2243 860 2286 Libero
892 2245 1022 2301 patri
1063 2251 1289 2300 operatum
1321 2244 1475 2286 habuit
1505 2259 1624 2286 ewer-

126 2315 274 2376 citum]
287 2316 320 2375 ¹)
341 2316 558 2361 Bacchum
579 2317 816 2374 imaginem
836 2318 1073 2363 Alexandri
1090 2322 1396 2376 proponerent,
1413 2318 1487 2374 qui
1507 2317 1624 2362 idem

124 2391 275 2435 Asiam
292 2392 405 2435 bello
423 2392 693 2449 subiecisset,
711 2394 1004 2438 Alexandrum
1021 2397 1166 2437 autem
1182 2393 1445 2437 imitatorem
1461 2393 1624 2437 Bacchi

123 2466 455 2523 proclamarent.
529 2467 626 2520 Qua
665 2468 712 2511 in
752 2482 800 2512 re
840 2468 1127 2512 aemulatores
1165 2467 1404 2512 Alexandri
1442 2467 1624 2511 multum

123 2541 315 2585 valuisse
346 2537 608 2598 quamquam
643 2556 731 2586 non
772 2547 840 2587 est
867 2543 1117 2599 negandum
1158 2546 1304 2586 tamen
1337 2555 1435 2585 cum
1464 2543 1625 2587 Boetti-

126 2630 230 2672 gero
263 2616 628 2675 (Mythologische
647 2618 792 2663 Briefe
822 2620 885 2664 IV
914 2634 956 2677 p.
978 2620 1077 2678 160,
1112 2620 1211 2677 179,
1246 2619 1351 2678 187)
1382 2632 1471 2663 non
1489 2607 1624 2678 facio,

124 2692 199 2747 qui
239 2692 573 2738 Eratosthenem
617 2694 905 2751 Cyrenaicum
946 2708 1134 2752 sequens
1174 2695 1363 2754 (Arrian.
1401 2695 1544 2739 Anab.
1585 2696 1624 2739 V

223 2825 251 2874 1)
277 2825 326 2864 cf.
352 2826 497 2864 Arrian.
523 2826 645 2864 Anah.
671 2816 767 2874 v'1,
795 2828 841 2875 13
865 2828 902 2865 v
924 2828 960 2875 2,
986 2829 1018 2865 7.
1068 2829 1206 2868 Strabo
1231 2829 1304 2867 xv
1327 2840 1364 2876 p.
1390 2829 1508 2875 688..

1310 2890 1334 2926 3

1672 635 1694 651 Ο
