1844 3140
757 176 1052 219 -23—

156 300 312 346 Athen.
368 300 420 344 N.
454 298 662 344 Schweiz.
685 299 795 343 MuS.
813 298 879 343 111
908 312 950 355 p.
969 298 1060 354 37).
1124 297 1213 342 Sed
1244 302 1291 341 ut
1321 311 1373 342 eo
1407 296 1653 354 redeamus,

157 375 272 419 unde
314 374 497 431 profecti
529 388 695 431 sumus,
727 373 843 429 quod
885 374 943 419 ad
972 374 1210 431 Delphicos
1248 374 1443 431 tripodes
1474 380 1658 432 spectat,

155 450 228 506 qui
268 450 313 493 in
353 464 517 507 pompa
556 449 837 505 ducebantur,
887 453 1057 495 constat
1088 449 1328 508 certamina
1358 449 1511 495 habita
1540 463 1654 495 esse.

154 527 218 570 Ac
258 526 443 584 primum
485 524 672 582 quidem,
712 529 759 568 ut
800 518 911 568 cum>
937 524 1166 581 Dionysiis
1207 524 1404 582 Graecis,
1452 525 1516 570 sic
1557 539 1667 570 cum.

154 603 227 647 illo
270 602 382 647 festo
425 601 720 661 Alenandrino
761 601 853 645 ludi
884 601 1074 645 scaenici
1107 605 1230 646 erant
1262 600 1494 645 coniuncti.
1557 602 1652 647 Hoc

153 683 336 736 apparet
352 678 483 722 etiam
501 692 555 721 ex
578 677 856 734 ornamentis,
887 676 1044 732 quibus
1074 676 1320 734 tentorium,
1352 676 1468 721 unde
1494 691 1658 734 pompa

151 742 348 811 profecta
378 759 457 810 est,
490 758 582 797 erat
611 754 880 797 instructum.
944 752 1026 810 (ἕν
1054 752 1106 800 δὲ
1132 760 1243 810 ταῖς
1266 752 1657 819 ἕπάνωτούτων

149 831 347 897 χώραις
394 828 580 888 οὔσαις
625 829 971 895 ὀκταπήχεσιν
1020 828 1188 893 ἄντρα
1246 829 1653 879 κατεσκεύαστο·

158 907 426 972 συμπόσιά
456 925 508 955 τε
544 906 691 956 ἀντία
728 905 969 972 ἀλλήλων
1004 908 1060 955 ἕν
1097 906 1273 965 αὕτοΐς
1309 911 1568 971 τραγικῶν
1604 926 1654 955 τε

155 988 237 1035 καὶ
274 988 513 1049 κωμικῶν
548 987 632 1034 καὶ
673 988 968 1050 σατυρικῶν
1007 984 1172 1053 ζῴων,
1223 984 1477 1051 ἀληθινὸν
1509 985 1652 1052 ἐχόν-

155 1084 257 1113 των
296 1063 598 1127 ἴματισμόν.
660 1078 761 1121 pag.
797 1065 895 1121 197,
935 1064 993 1122 a).
1062 1064 1262 1119 Denique
1302 1064 1360 1108 ad
1400 1064 1484 1108 boc
1521 1065 1651 1121 perti-

153 1148 238 1200 net,
271 1143 387 1198 quod
420 1142 677 1187 Theocritus
709 1142 786 1200 (id.
819 1143 939 1186 XVII
970 1156 1011 1186 v.
1048 1143 1132 1185 112
1163 1141 1247 1200 sq.)
1279 1142 1334 1186 de
1365 1141 1654 1199 Philadelpho

153 1219 380 1276 praedicat
1355 1225 1359 1227 ’

222 1293 356 1343 Οὓδὲ
391 1295 661 1345 Διωνύσου
697 1315 774 1354 τις
809 1293 938 1361 ἇνὴρ
978 1293 1154 1358 ἱεροὺς
1189 1296 1299 1343 κατ’
1336 1292 1544 1359 ἀγῶνας

173 1370 347 1434 ,Ἵκεέ
383 1373 730 1439 ἐπιστάμενος
766 1372 985 1438 λιγυρὰν
1020 1371 1314 1436 ἀναμέλψαι
1351 1371 1557 1430 ἀοιδάν,

203 1440 284 1499 ἴῼι
322 1449 381 1500 οὖ
419 1451 641 1501 δωτίναν
675 1450 922 1509 ἀντάξιον
961 1448 1140 1501 ὤπασε
1174 1452 1371 1518 τέχνας.
1389 1453 1422 1511 ¹)

272 1532 338 1574 Ex
370 1531 522 1575 eodem
564 1524 658 1574 loco
690 1531 918 1588 Athenaei,
960 1545 1087 1587 quem
1119 1545 1252 1588 supra
1281 1530 1420 1587 attuli,
1453 1535 1650 1587 apparet,

151 1607 356 1665 gymnica
372 1621 555 1670 >quoque
586 1608 825 1652 certamina
855 1608 1038 1654 insituta
1067 1620 1181 1653 esse.
1234 1606 1320 1658 Qui
1345 1605 1531 1661 denique
1561 1605 1651 1650 fue-

149 1685 236 1727 rint
274 1698 451 1747 agones,
493 1685 538 1727 in
580 1685 739 1739 quibus
769 1685 1064 1729 Ptolemaeum
1102 1689 1145 1728 et
1175 1684 1430 1729 Berenicam
1460 1682 1649 1727 victores

150 1765 378 1803 coronatos
410 1773 508 1804 esse
529 1760 778 1805 Athenaeus
811 1761 871 1819 (p.
892 1762 979 1804 203
997 1761 1042 1819 a)
1074 1765 1236 1817 narrat,
1268 1760 1532 1804 constituere
1562 1774 1651 1804 non

110 1876 114 1879 .
149 1836 303 1879 ausim.
359 1836 653 1880 Ptolemaeum
686 1841 801 1880 certe
835 1837 1066 1893 plurimum
1103 1836 1218 1879 ludis
1260 1840 1304 1879 et
1340 1835 1651 1880 certaminibus

149 1911 354 1955 tribuisse
392 1916 541 1955 narrat
570 1911 793 1956 Vitruvius
833 1911 926 1970 (lib.
964 1912 1048 1956 VII
1086 1910 1242 1970 praef.)
1274 1912 1418 1956 Musis
1449 1918 1488 1955 et
1516 1910 1651 1970 Apol-

149 1988 234 2030 lini
274 1988 401 2031 ludos
448 1988 693 2044 dedicavit,
749 1995 788 2031 et
833 1989 1193 2046 quemadmodum
1239 1986 1531 2044 Athletarum,
1584 1990 1652 2032 sic

151 2066 342 2107 omnium
360 2065 626 2122 scriptorum
642 2068 723 2109 etc.
756 2063 810 2108 cf.
838 2064 1073 2121 Boettiger.
1105 2063 1336 2113 Amalthea
1365 2065 1436 2108 III
1466 2079 1509 2122 p.
1527 2065 1649 2123 453).

192 2188 198 2191 .
267 2153 344 2208 Ea,
377 2164 489 2207 quae
506 2151 648 2195 adhuc
666 2151 892 2210 descripsi,
923 2152 1270 2210 sequituripsius
1288 2154 1460 2197 Bacchi
1484 2160 1646 2198 statua.

148 2227 243 2269 Hoc
284 2227 378 2269 loco
420 2240 681 2283 quamquam
723 2227 888 2284 optimo
927 2227 1021 2271 iure
1053 2227 1108 2271 de
1138 2229 1314 2277 Baccho
1346 2229 1518 2285 Indico,
1552 2243 1650 2273 cum

148 2301 292 2346 thiaso
326 2316 404 2346 suo
435 2303 587 2346 Asiam
618 2307 880 2360 peragrante
897 2303 1090 2359 cogitare
1109 2303 1236 2348 nobis
1258 2303 1466 2361 videmur,
1499 2309 1648 2349 tamen

148 2378 422 2434 probandum
462 2392 548 2421 non
590 2383 668 2435 est,
720 2378 835 2434 quod
875 2379 1035 2422 Bacchi
1076 2379 1313 2435 imaginem
1352 2380 1506 2424 eodem
1544 2380 1649 2438 fere,

149 2468 275 2509 quem
308 2454 559 2498 Oallixenus
591 2454 810 2511 describit,
844 2454 998 2499 habitu
1028 2454 1309 2512 instructam,
1330 2455 1549 2501 Bacchum
1580 2458 1649 2502 In-

150 2530 293 2575 dicum
325 2530 561 2588 appellant.
624 2531 749 2575 Illam
788 2531 904 2575 enim
942 2531 1161 2576 Bacchum
1202 2532 1398 2588 fingendi
1435 2533 1649 2578 rationem

147 2607 415 2662 temporibus
446 2608 683 2650 Alexandri
723 2612 911 2651 aetatem
947 2609 1082 2651 multo
1123 2609 1483 2653 antecedentibus
1512 2610 1650 2654 divul-

200 2796 207 2802 .
249 2765 277 2813 ¹)
300 2766 363 2803 Ad
378 2766 583 2804 certamina
606 2769 806 2812 poet-arum
829 2767 868 2803 in
881 2767 1079 2815 Dionysiis
1096 2767 1227 2804 habita
1251 2770 1403 2813 spectat
1428 2768 1645 2806 Callimachi

150 2825 270 2874 epigr.
294 2826 380 2864 VII.
1106 2839 1111 2843 ·
