1844 3140
766 184 1064 241 —12ffl

169 325 450 387 συμπαρῆν
484 319 617 386 ἔχων
656 321 917 382 στέφανον
944 319 1187 367 κίσσινον
1211 320 1267 367 ἐκ
1289 324 1508 386 χρυσοῦ.
1558 322 1667 369 Κο-

167 400 620 468 ρινθιουργὴς
662 400 1217 464 ’δ’ΛλεξάνδρειαῙ)
1282 400 1501 467 ἡπόλις
1543 422 1671 466 παρ-

164 571 281 615 dicas,
316 568 634 615 acquiescendum
675 577 762 603 esse
796 569 902 611 puto·
960 566 1086 608 Quare
1120 566 1348 603 vocabulum
1386 573 1555 618 Πρίαπος
1592 581 1671 607 cor-

164 631 316 676 ruptum
348 638 437 665 esse
471 626 559 663 mihi
593 626 757 663 videtur.
808 624 870 661 Ad
904 635 1017 671 quam
1051 636 1143 662 vero
1178 626 1382 663 tollendam
1413 629 1667 674 corruptelam

163 688 390 726 Theocritus
415 687 466 724 id.
491 686 612 732 XVII,
637 697 713 732 quo
738 685 999 731 Philadelpum
1024 685 1202 723 laudibus
1228 686 1350 732 effert,
1385 687 1483 723 viam
1513 688 1671 725 demon-

166 752 273 786 strat.
302 759 340 784 v.
368 748 412 783 13
439 757 496 792 sq.

399 804 459 841 Ἐκ
484 805 656 854 πατέρων
680 798 757 845 οἷος
781 807 855 853 μὲν
880 802 943 849 ἔην
968 804 1110 840 τελέσαι
1134 805 1238 853 μέγα
1265 803 1380 854 ἔργον

404 865 594 912 Δαγιάδας
620 865 859 912 Πτολεμαῖος,
886 863 959 899 ὅκα
985 867 1125 913 φρεσὶν
1150 864 1399 911 ἐγκατᾶθοιτο

344 949 348 954 .
404 924 557 968 Βουλάν,
582 923 628 960 ἂν
651 922 719 960 ov'x
746 923 851 965 ἄλλος
876 922 971 973 ἀνὴρ
995 920 1073 965 οἷός
1099 936 1140 959 τε
1164 926 1304 968 νοῆσαι·

409 987 521 1030 Τῆνον
545 988 610 1021 καὶ
636 983 846 1034 μακάρεσσι
870 984 992 1033 πατὴρ
1019 983 1204 1037 ὁμότιμον
1228 983 1367 1028 ἔθηκεν

407 1044 627 1088 Ἄθανᾶτοις,
653 1048 717 1080 καὶ
744 1049 781 1080 οἱ
805 1043 965 1094 χρύσεος
991 1043 1109 1092 δόμος
1134 1045 1174 1080 ἐν
1197 1044 1281 1085 Διὸς
1308 1047 1396 1093 οἴκῳ

406 1105 612 1153 Δέδμηται·
638 1103 741 1153 παρα
767 1102 926 1139 δἀὕτόν
950 1102 1181 1151 Ἀλέξανδρος
1207 1104 1300 1150 φίλα
1325 1102 1434 1143 εἰδώς

403 1163 570 1211 Ἑδριᾶει,
595 1163 776 1211 Πέρσαισι
800 1162 916 1211 βαρύς
942 1162 1033 1202 θεός
1058 1163 1313 1212 αιόλομίτραις
1328 1175 1336 1182 ·

407 1223 560 1259 Ἆντίαδ’
585 1223 783 1270 Ἡρακλῆος
809 1223 904 1272 ἕδρα
930 1234 1022 1269 σφιν
1047 1221 1294 1271 ταυροφόνοιυ

392 1283 567 1332 ’Ίδρυται,
593 1288 761 1332 στερεοῖο
789 1282 1002 1330 τετυγμένα
1028 1283 1068 1326 ἐξ
1093 1280 1325 1330 ἀδάμαντος·

395 1343 511 1378 Ἔνδα
538 1341 609 1376 σύν
634 1341 791 1377 ἄλλοισιν
816 1342 950 1381 θαλίας
976 1341 1055 1388 ἔχει
1079 1340 1322 1389 ου’ρανίδαισι,

407 1405 552 1450 Χαίρων
575 1401 717 1436 υἱωνῶν
739 1400 934 1449 περιώσιον
958 1404 1154 1444 οἰωνοῖσιν,

394 1461 492 1496 ’Όττι
517 1461 648 1508 σφέων
672 1461 854 1510 Κρονίδας
878 1461 1023 1508 μελέων
1047 1461 1207 1504 ἐξείλετο
1234 1462 1364 1509 γῆρας,

405 1519 596 1556 Ἀθάνατοι
623 1520 667 1555 δὲ
693 1520 889 1556 καλεῦνται
916 1520 971 1555 ἑοὶ
996 1521 1158 1560 νέποδες
1183 1522 1391 1567 γεγαῶτες·

404 1581 557 1629 Ἀμφοῐν
581 1579 655 1628 γαρ
681 1579 868 1629 πρόγονός
893 1591 986 1628 σφιν
1012 1580 1033 1616 ὁ
1059 1580 1239 1630 καρτερᾶς
1261 1581 1516 1627 Ἡρακλείδας·

403 1639 625 1689 Ἀμφότεροι
651 1639 941 1688 δ’ᾰριθμεῧνται
965 1641 1001 1680 ἐς
1027 1639 1188 1690 ἔσχατον
1211 1641 1400 1686 Ἡρακλῆα.

261 1702 392 1749 Iyitur
415 1700 651 1746 Alexandri,
678 1700 895 1736 Ptolemaei
917 1702 950 1745 I,
985 1700 1170 1736 Herculis
1193 1703 1346 1737 statuae
1371 1701 1415 1736 in
1439 1703 1583 1748 templo
1611 1702 1673 1737 Io-

166 1763 228 1799 vis
253 1764 368 1798 erant
392 1760 635 1797 coniunctae.
681 1760 811 1796 Talem
837 1762 964 1795 autem
991 1760 1196 1795 eorundem
1224 1760 1418 1805 signorum
1446 1760 1670 1805 complexio-

165 1832 251 1858 nem
286 1820 335 1856 ad
367 1819 560 1864 exemplar
589 1818 702 1864 illius,
750 1829 849 1864 quae
881 1818 919 1853 in
953 1819 1095 1864 templo
1126 1819 1230 1855 Iovis
1257 1822 1352 1864 erat,
1385 1818 1607 1864 confectam,
1633 1820 1671 1855 iu

164 1891 305 1928 pompa
338 1880 489 1917 ductam
523 1874 611 1915 esse
643 1881 752 1924 puto.
801 1877 944 1924 Ecquis
975 1878 1073 1914 enim
1109 1878 1236 1924 aptius
1271 1890 1354 1915 cum
1387 1878 1603 1915 Alexandro
1631 1883 1670 1916 et

166 1941 384 1977 Ptolemaeo
416 1939 595 1984 coniungi
624 1938 762 1983 potuit,
802 1949 915 1983 quam
950 1938 1164 1974 Hercules?
1209 1938 1269 1974 Ab
1309 1939 1470 1974 Hercule
1505 1942 1668 1984 uterque

167 2011 290 2047 genus
316 2010 427 2036 suum
452 1996 662 2043 repetebat,
688 1997 889 2033 Herculem
914 2007 1037 2043 aeque
1065 2008 1109 2033 ac
1126 1996 1315 2033 Bacchum
1341 1997 1559 2035 Alexander
1583 1998 1670 2034 ima-

167 2061 294 2108 ginem
329 2059 401 2097 sibi
435 2058 640 2104 proposuit
671 2057 791 2105 (Ourt.
825 2057 880 2092 XI
905 2057 939 2103 2,
974 2057 1048 2104 29),
1088 2068 1205 2103 saepe
1244 2058 1381 2102 pellem
1413 2058 1599 2094 leoninam
1632 2062 1672 2095 et

168 2121 313 2156 clavam
353 2118 529 2155 Herculis
568 2117 761 2163 gestabat,
811 2127 930 2163 quare
969 2117 1195 2153 Theocritus
1236 2117 1285 2153 id.
1320 2118 1430 2154 XVII
1461 2129 1497 2154 v.
1533 2118 1580 2154 30
1614 2130 1670 2165 sq.

165 2178 424 2216 Alexandrum
450 2180 490 2213 et
514 2176 773 2213 Ptolemaeum
798 2176 1007 2222 armigeros
1033 2176 1142 2221 quasi
1167 2176 1342 2212 Herculis
1368 2175 1495 2223 fingit:

411 2238 466 2285 Τῷ
492 2239 565 2284 μὲν
589 2234 700 2275 τόξον
725 2233 868 2271 ἔδωκεν
892 2233 1099 2271 ὁπωλένιόν
1123 2247 1165 2270 τε
1191 2237 1398 2285 φαρέτραν,

311 2334 319 2339 ,
410 2298 468 2346 Τῷ
493 2296 539 2332 δὲ
565 2294 754 2346 σιδάρειον
779 2294 963 2331 σκύταλον
988 2298 1281 2344 κεχαραγμένον
1306 2296 1410 2338 ὄζοις.

260 2359 350 2404 Ipse
376 2356 541 2403 denique
558 2355 779 2392 Alexander
798 2355 925 2400 iussit,
951 2365 994 2391 se
1010 2355 1071 2390 illo
1098 2358 1232 2391 ornatu
1251 2356 1479 2393 instructum
1504 2357 1670 2403 depingi.

165 2417 299 2466 (Glem.
325 2416 435 2454 Alex,
461 2415 611 2453 admon.
644 2415 693 2452 ad
719 2417 823 2462 gent.
850 2426 888 2462 p.
913 2414 960 2451 36
987 2414 1096 2462 Sylb.
1128 2415 1242 2453 Paus.
1268 2416 1303 2455 V
1328 2416 1387 2463 24,
1412 2415 1451 2464 3)
1478 2416 1671 2461 Quaecum

164 2479 219 2514 ita
245 2479 331 2524 sint,
365 2488 440 2514 non
472 2476 658 2522 dubitavi,
695 2476 824 2522 Priapi
854 2477 939 2512 loco
973 2476 1172 2512 Herculem
1203 2478 1321 2512 multo
1348 2477 1559 2524 digniorem
1586 2488 1670 2513 cum

165 2537 382 2575 Alexandro
408 2540 449 2574 et
470 2537 692 2574 Ptolemaeo
719 2536 949 2583 coniungere
975 2538 1015 2572 et
1049 2536 1182 2582 scripsi
1216 2539 1280 2572 καὶ
1302 2536 1474 2587 Ἡρακλῆς
1508 2536 1671 2577 δἀῠτοΐς

167 2599 376 2645 συμπαρῆν.
415 2596 523 2647 Quae
549 2596 702 2643 quidem
730 2596 948 2632 coniectura
971 2598 1047 2631 tam
1069 2596 1192 2632 audax
1219 2607 1295 2633 non
1312 2600 1383 2642 est,
1410 2608 1524 2643 quam
1548 2598 1669 2642 primo

166 2656 305 2694 obtutu
342 2667 429 2693 esse
467 2656 655 2692 videatur.
705 2655 800 2692 Nam
834 2655 924 2702 quia
960 2655 1095 2701 paucis
1131 2655 1309 2693 versibus
1347 2659 1435 2693 ante
1461 2656 1509 2693 de
1535 2656 1670 2693 eodem

164 2717 304 2763 Priapo
339 2716 480 2752 dictum
514 2718 587 2762 est,
618 2714 794 2752 facillime
828 2715 1000 2752 accidere
1026 2715 1164 2762 potuit,
1196 2718 1240 2752 ut
1273 2715 1448 2753 librarius
1479 2726 1549 2762 pro
1574 2719 1666 2751 ΗΡΑ

164 2778 300 2824 legens
331 2779 447 2810 ΠΡΙΑ
479 2774 664 2811 scriberet
686 2778 904 2819 ΠΡΙΑΠΟΣ,
936 2775 1040 2821 quod
1071 2775 1109 2811 in
1142 2775 1285 2811 recenti
1311 2775 1346 2811 ei
1370 2775 1551 2812 memoria
1576 2778 1669 2812 erat.

264 2834 293 2883 ¹)
317 2835 445 2882 Vulgo
459 2833 600 2882 legitur
618 2833 801 2884 Κόρινθος
827 2834 888 2878 δίἱ
906 2833 1011 2875 ’πόλις
1036 2835 1260 2885 παρεστῶσα
1283 2835 1335 2884 τῷ
1351 2835 1565 2882 Πτολεμαίω
1590 2835 1668 2870 κτλ.
