1844 3140
774 169 1072 234 -277-

170 295 253 342 καὶ
290 292 383 359 τὴν
416 292 621 356 εὕρεσιν
655 295 747 341 τοῦ
784 290 932 343 οἴνου
968 293 1049 339 καὶ
1100 292 1205 338 τῶν
1240 288 1415 339 ἄλλων
1449 291 1558 338 τῶν
1595 289 1671 347 εἷς

168 372 266 421 τὸν
301 372 412 436 βίον
441 370 1087 439 χρησίμων-παραδοῦναι.
1155 369 1277 413 Idem
1322 367 1476 424 fragm.
1513 369 1535 412 Ι
1566 368 1602 411 Β
1641 368 1669 410 2

168 451 315 509 (Diod.
347 452 425 509 III,
459 451 534 509 63)
581 448 770 514 ὁμοίως
818 447 871 496 δὲ
918 449 1000 496 καὶ
1049 450 1154 496 τῶν
1203 446 1381 501 σύκων
1428 446 1513 492 καὶ
1563 446 1669 493 τῶν

170 527 343 577 ἄλλων
391 526 696 592 ἀκροδρύων
731 526 825 593 την
872 526 1210 592 καθήκουσαν
1255 525 1547 587 ἐπιμέλειαν
1582 522 1667 568 καὶ

168 606 480 671 παράδοσιν»
511 605 836 673 ποιήσασθαι
883 606 967 654 καὶ
1017 605 1246 654 καθόλου
1296 602 1356 652 τὰ
1404 600 1539 666 πρὸς
1574 599 1669 666 τὴν

173 683 496 750 συγκομιδὴν
523 684 722 733 τούτων
747 687 853 732 τῶν
880 686 1094 747 καρπῶν
1120 683 1395 747 ἐπινοῆσαι
1422 679 1527 728 διὸ
1563 681 1669 727 καὶ

168 764 473 828 Ληναῖον
510 761 1009 827 ὅμομασθῆναι.
1065 761 1138 818 (ef.
1177 762 1222 804 II
1263 761 1345 817 383
1386 758 1600 815 Megasth.
1632 759 1669 801 L

168 842 196 885 5
240 841 376 899 (apud
421 841 592 885 Arrian.
624 841 719 884 Ind.
763 841 823 898 7.)
866 842 1006 885 Nonn.
1038 841 1148 883 XIII
1179 840 1255 898 3.).
1315 840 1479 883 Locum
1510 842 1668 894 autem,

169 930 253 971 quo
296 915 492 959 Bacchus
522 916 688 972 primus
726 916 875 959 vinum
917 929 1060 960 serere
1102 915 1260 971 docuit,
1307 915 1479 973 Nysam
1516 913 1668 967 fuisse,

169 986 302 1030 tradit
339 986 626 1030 Philostratus
665 986 776 1044 (vita
816 987 956 1044 Apoll.
997 988 1041 1029 II
1073 987 1137 1044 8):
1180 985 1455 1048 Διαβάντες
1487 983 1542 1031 δὲ
1576 983 1669 1032 τὸν

171 1064 391 1128 Κοφῆνα
438 1063 680 1127 ποταμὸν
728 1102 873 1112 ......
910 1064 1152 1128 ἐγένοντο
1198 1063 1256 1112 ἓν
1303 1065 1364 1129 τῇ
1400 1062 1669 1125 βασιλευο-

168 1142 296 1236 με’νῃ
347 1139 557 1207 ἠπείρῳ,
618 1141 676 1190 ἓν
724 1141 753 1207 η
805 1141 1074 1191 ἀνατεῖνον
1118 1140 1460 1205 πεφυτεύεται
1509 1139 1668 1188 Νῦσα

171 1218 295 1282 ὄρος
326 1220 380 1279 ἒς
411 1219 647 1286 κορυφὴν
686 1219 873 1283 ἄκραν·
913 1258 1059 1268 ......
1089 1218 1395 1277 ἀνελθόντες
1422 1218 1516 1267 οὖν
1544 1218 1669 1284 ἱερῷ

171 1298 427 1347 Διονύσου
462 1298 689 1365 ἐντυχεῖν
724 1315 908 1362 φασιν,
946 1295 974 1347 3
1001 1298 1060 1364 δὴ
1090 1297 1345 1347 Διόνυσον
1371 1296 1538 1363 ἑαυτῷ
1575 1315 1671 1360 φυ-

171 1380 370 1434 τεῦσαι,
410 1376 633 1440 δάφναις
657 1378 1044 1443 περιστηκυίαις
1079 1377 1269 1443 κύκλῳ,
1304 1378 1561 1424 τοσοῦτον
1586 1393 1670 1424 πε-

174 1456 467 1521 ριεχούσαις
514 1458 604 1521 τῆς
653 1459 764 1521 γῆς,
815 1453 945 1504 ὅσον
994 1453 1197 1521 ἀπόχρη
1238 1458 1331 1521 νεῷ
1368 1454 1663 1520 ξυμμὲτρῳ·

174 1533 348 1582 κιττόν
385 1553 435 1582 τε
474 1535 766 1598 περιβαλεῖν
805 1533 963 1583 αὐτὸν
999 1535 1082 1581 καὶ
1109 1531 1371 1597 ἀμπέλους
1395 1539 1508 1590 ταῖς
1542 1530 1671 1595 δάφ-

175 1630 305 1669 ναις,
343 1611 598 1676 ἀγάλμαίϊ
625 1612 812 1661 ἑαυτοῦ
838 1612 991 1661 ε”νδον
1020 1612 1319 1678 στήσασθαι
1336 1629 1345 1638 ·
1373 1648 1520 1658 ......
1558 1609 1671 1673 δρέ-

172 1708 311 1738 πανα
349 1689 402 1737 δὲ
437 1691 519 1738 καὶ
558 1689 760 1756 ἄρριχοι
798 1691 878 1738 καὶ
919 1691 1067 1756 ληνοὶ
1104 1692 1186 1739 καὶ
1211 1689 1276 1739 τὰ
1304 1687 1439 1753 ἀμφὶ
1477 1687 1672 1754 ληνούς

174 1766 431 1817 ἀνακεῖται
480 1771 549 1834 τῷ
599 1769 834 1835 Διονύσῳ
867 1772 1040 1835 χρυσᾶ
1075 1770 1158 1817 καὶ
1194 1767 1398 1833 ἀργυρᾶ
1435 1767 1669 1830 καθάπερ

174 1849 454 1911 τρυγῶντι·
490 1846 547 1895 τὸ
586 1847 632 1895 δ’
669 1847 874 1913 ἄγαλμα
912 1846 1147 1896 εἴκασται
1171 1847 1266 1910 μὲν
1302 1845 1477 1912 ἕφήβῳ
1507 1844 1669 1912 Ἰνδῷ,

174 1925 324 1984 λίθου
365 1924 410 1973 δ’
446 1924 647 1983 ἔξεσται
675 1927 872 1976 λευκοῦ.
936 1927 1058 1980 Quae
1099 1927 1234 1971 verba
1265 1926 1303 1970 si
1335 1939 1432 1970 cum
1457 1925 1672 1970 Callixeni

172 2004 463 2061 descriptione
503 2018 818 2062 comparamus,
860 2006 1039 2050 dubium
1078 2013 1178 2050 esse
1216 2020 1304 2051 non
1340 2009 1498 2063 potest,
1540 2018 1671 2060 quam

171 2080 386 2124 rationem
424 2081 736 2139 Philadelphus
775 2082 821 2125 in
858 2081 1161 2126 distribuenda
1202 2082 1278 2127 illa
1308 2081 1452 2140 priore
1483 2094 1673 2138 pompae

170 2161 295 2214 parte
326 2160 500 2200 secutus
532 2156 601 2199 sit.
665 2157 957 2212 Cogitandum
988 2157 1102 2200 enim
1134 2171 1223 2200 non
1255 2163 1323 2202 est
1354 2157 1409 2200 de
1440 2159 1565 2213 Nysa
1593 2170 1671 2200 nu—

170 2232 290 2288 trice,
340 2233 417 2276 sed
461 2235 513 2276 de
552 2234 679 2292 Nysa
719 2235 784 2278 vel
829 2235 935 2278 urbe
947 2233 980 2291 ¹)
1032 2235 1097 2278 vel
1144 2242 1294 2292 monte,
1339 2235 1440 2280 sede
1477 2235 1673 2294 quadam

170 2308 342 2353 Bacchi
371 2310 509 2371 νομέα,
543 2308 599 2353 ab
632 2308 730 2367 ipso
762 2309 951 2368 condita,
985 2310 1030 2354 in
1054 2323 1141 2367 qua
1171 2315 1264 2355 erat
1294 2310 1434 2368 ipsius
1465 2310 1671 2356 sacellum

171 2388 219 2428 in
250 2402 336 2442 qua
369 2387 551 2443 denique
582 2389 689 2430 vites
721 2389 854 2431 colere
893 2390 1122 2445 vinumque
1153 2395 1347 2446 torquere
1379 2390 1540 2432 docuit.
1602 2389 1672 2432 Ad

169 2459 283 2502 hanc
313 2473 404 2503 rem
436 2464 618 2517 spectat,
658 2461 774 2515 quod
815 2463 939 2518 Nysa
969 2466 1177 2505 coronata
1207 2466 1274 2505 est
1308 2461 1529 2525 βότρυσι
1568 2462 1673 2510 δια-

173 2535 339 2592 λίθοις
372 2538 732 2594 πολυτελέσιν,
775 2540 833 2583 ad
872 2540 955 2582 hoc
993 2540 1192 2595 pertinet,
1240 2541 1356 2595 quod
1393 2554 1474 2584 sua
1516 2545 1672 2596 sponte

170 2612 387 2659 assurexit
428 2618 470 2659 et
505 2615 573 2660 lac
609 2615 804 2674 profudit
843 2630 897 2661 ex
938 2630 1072 2662 aurea
1109 2621 1276 2675 patera,
1315 2631 1402 2675 qua
1432 2631 1479 2662 re
1509 2618 1673 2664 eximia

268 2765 425 2814 ¹)-Idem
456 2770 590 2805 censet
621 2767 801 2816 Meyerus
833 2768 1061 2807 Gesehichte
1093 2768 1160 2807 der
1190 2768 1395 2808 bildenden
1428 2770 1590 2809 Kiinste.
1614 2769 1673 2808 111

168 2838 207 2873 p.
232 2828 315 2863 353.
