1844 3140
772 201 1069 247 „13ss

174 344 385 377 εστωσα
433 331 506 394 τῷ
550 325 960 391 Πτολεμαίω
1014 309 1346 388 ἐστεφάνωτο
1394 321 1670 387 διαδήματι

168 406 377 479 χρυσῷ·
416 412 682 474 παρέκειτο
710 408 764 457 δὲ
787 411 918 458 πᾶσι
946 408 1156 466 τούτοις
1182 409 1440 456 κυλικεῖον
1465 404 1671 471 μεστὸν

168 495 533 565 χρυσωμάτων
581 491 778 560 κρατήρ
821 511 871 541 τε
910 494 1145 559 χρυσοῦς
1191 509 1460 561 μετρητων
1505 490 1670 538 πέντε.

173 569 304 645 τῇδὲ
318 578 640 642 τετρακύκλῳ
670 577 827 640 ταύτῃ
850 574 1176 640 ἠκολούθουν
1192 582 1430 639 γυναῖκες
1454 572 1670 637 ἔχουσαι

155 660 354 725 -ἶμάτια
400 659 655 724 πολυτελῆ
693 659 775 706 καὶ
817 657 1044 721 κόσμον·
1103 656 1561 721 προσηγορεύοντο
1617 651 1671 701 δὲ

171 743 366 800 πόλεις,
405 742 502 790 αἵτ’
538 740 623 789 ἄπ’
653 740 843 799 Ἰωνίας
879 743 963 787 καὶ
1000 742 1174 788 λοιπαὶ
1202 738 1509 803 Ἑλληνίδες,
1547 735 1671 786 ὅσαι

172 823 266 890 τὴν
294 822 476 872 Ἀσίαν
512 824 596 871 καὶ
642 821 739 880 τὰς
783 821 979 888 νήσους
1024 822 1360 870 κατοικοῦσαι
1408 818 1509 870 ὕπὸ
1547 819 1671 878 τοῦς

171 906 389 969 Πέρσας
435 906 749 971 ἐτάχθησαν.
819 903 1049 967 ἐφόρουν
1086 904 1139 951 δὲ·
1172 906 1338 952 πᾶσαι
1379 903 1671 966 στεφάνους

168 990 403 1054 χρυσοῦς
467 988 675 1051 ἐφέρετο
709 988 792 1035 καὶ
827 987 903 1035 ἔπ’
940 984 1113 1035 ἄλλων
1141 986 1504 1049 τετρακύκλων
1541 985 1670 1049 θύρ-

176 1088 269 1130 σος
313 1071 791 1136 ἐνενηκοντάπηχυς
832 1073 1068 1135 χρυσοῦς
1115 1071 1196 1117 καὶ
1251 1070 1416 1135 λόγχη
1467 1057 1670 1134 ἀργυρᾶ

143 1152 606 1219 ἑξηκοντάπηχυς,
655 1152 738 1198 καὶ
784 1151 841 1200 ἕν
889 1149 1019 1216 ἄλλῃ
1071 1149 1273 1213 φαλλὸς
1304 1153 1542 1216 χρυσοῦς
1576 1170 1670 1216 πη-

172 1349 248 1384 Sed
281 1349 478 1394 probabile
512 1351 786 1394 argumentum,
824 1359 891 1383 cur
924 1347 1094 1383 Corinthi
1125 1348 1273 1393 signum
1298 1340 1517 1383 Ptolemaeo
1555 1351 1670 1393 astet,

170 1419 245 1458 non
280 1408 391 1445 facile
428 1408 607 1454 reperias.
657 1407 817 1444 Accedit
850 1408 1020 1444 alterum.
1071 1407 1165 1443 Nam
1198 1407 1230 1443 si
1263 1410 1432 1453 reputas,
1459 1407 1667 1443 Alexandri

174 1472 339 1505 statuam
365 1479 447 1504 eam
473 1468 585 1505 etiam
612 1467 661 1504 ob
679 1479 756 1503 rem
772 1478 859 1503 esse
874 1467 1099 1512 appositam,
1124 1467 1229 1512 quod
1243 1466 1511 1503 Alexandriam
1535 1465 1670 1504 urbem

173 1529 352 1574 condidit,
376 1528 585 1564 Ptolemaei
610 1531 736 1564 autem
762 1527 866 1573 quod
890 1526 1087 1572 imperium
1112 1526 1159 1562 ab
1184 1526 1247 1562 illo
1274 1526 1466 1563 conditum
1491 1527 1541 1563 ad
1567 1538 1668 1564 sum-

173 1600 270 1625 mam
294 1588 578 1634 amplitudinem
603 1588 720 1633 auxit,
753 1585 844 1623 nihil
869 1587 990 1634 magis
1025 1587 1233 1623 desiderari
1264 1587 1463 1633 concedes,
1489 1598 1603 1633 quam
1627 1591 1671 1624 ut

171 1649 441 1685 Alemandriae
472 1648 584 1684 urbis
614 1650 747 1684 statua
778 1648 828 1683 sit
857 1648 1068 1693 proposita,
1113 1657 1190 1693 qua
1222 1647 1312 1693 quia
1344 1647 1497 1683 condita
1533 1646 1671 1684 funda-

172 1711 339 1744 mentum
373 1708 483 1753 quasi
514 1708 623 1753 regni
654 1707 885 1753 Aegyptiaci
919 1710 1001 1742 erat
1032 1707 1186 1742 iactum.
1239 1706 1301 1742 Ad
1332 1707 1520 1743 tollendas
1556 1707 1673 1744 hasce

172 1767 415 1803 difficultates
441 1768 612 1802 lacunam
640 1771 727 1803 ante
754 1767 776 1810 ἦ
800 1766 908 1806 πόλις
934 1767 1174 1802 statuendam
1201 1770 1242 1802 et
1266 1767 1320 1801 ita
1337 1767 1492 1812 quidem
1516 1768 1671 1812 explen-

173 1828 257 1863 dam
284 1838 435 1872 censeO,
465 1830 509 1862 ut
541 1838 664 1873 neque
698 1826 925 1862 vocabulum
956 1826 1151 1873 Κόρινθος,
1189 1827 1294 1872 quod
1325 1826 1363 1861 in
1393 1826 1500 1863 libris
1533 1830 1673 1872 exstat,

171 1898 329 1934 prorsus
354 1888 591 1934 neglegatur,
618 1891 658 1923 et
681 1887 933 1923 Alexandriae
959 1889 1088 1923 statua
1112 1887 1149 1922 in
1175 1889 1322 1923 textum
1346 1886 1558 1933 inducatur,
1582 1898 1670 1933 pro·

171 1954 336 1993 ponens:
371 1946 667 1995 Κορινθιουργῆς
692 1947 728 1981 δ’
754 1946 1002 1994 Ἀλεξάνδρεια
1029 1947 1049 1989 ἧ
1073 1946 1179 1985 πόλις
1205 1948 1431 1994 παρεστῶσα
1457 1948 1507 1994 τῶ
1534 1947 1673 1981 Πτολε-

171 2010 271 2056 μαίω
298 2007 375 2042 κτλ.
424 2005 504 2043 Aes
540 2005 774 2043 Corinthium
804 2016 879 2042 non
914 2006 1035 2042 solum
1061 2006 1110 2042 ad
1134 2016 1240 2052 vasa,
1276 2006 1345 2043 sed
1378 2006 1494 2042 etiam
1520 2006 1569 2042 ad
1595 2008 1670 2042 sta-

171 2069 258 2103 tuas
272 2066 486 2103 fundendas
503 2066 712 2102 adhibitum
725 2065 860 2111 fuisse,
881 2058 975 2102 satis
989 2069 1149 2102 constat.
1185 2065 1250 2102 Sic
1261 2066 1489 2103 Hortensius
1504 2069 1673 2103 statuam

173 2126 352 2172 Sphingis
385 2137 433 2162 ex
466 2136 555 2162 aere
589 2125 782 2161 Corinthio
807 2125 945 2161 factam
961 2108 1204 2170 ffiossidebat
1228 2125 1338 2173 (Plin.
1364 2126 1410 2162 N.
1436 2125 1481 2161 H.
1506 2125 1673 2163 XXXIV

172 2185 244 2232 18),
269 2186 369 2222 Nero
396 2185 613 2221 Amazonis.
663 2184 771 2232 (Plin.
797 2184 962 2221 XXXIV
990 2183 1062 2231 19).
1113 2184 1332 2221 Alexander
1365 2184 1506 2221 talibus
1532 2184 1672 2221 statuis

172 2244 456 2289 tabernaculum
481 2255 592 2281 suum
618 2243 801 2280 fulciebat
825 2243 935 2291 (Plin.
962 2254 1023 2290 ep.
1049 2244 1104 2280 HI
1130 2243 1179 2291 6).
1228 2244 1335 2281 Idem
1358 2243 1435 2291 (ep.
1459 2244 1517 2280 III
1542 2243 1582 2291 6)
1599 2226 1672 2282 de-

172 2304 304 2342 scribit
335 2305 485 2351 signum
518 2303 765 2349 Corinthium,
797 2304 900 2350 quod
931 2304 1055 2350 ipsius
1090 2308 1182 2341 erat.
1209 2303 1274 2351 (cf.
1298 2304 1407 2340 Mart.
1434 2304 1556 2350 epigr.
1581 2304 1673 2341 XIV

172 2364 260 2410 1723
289 2364 368 2400 177.
408 2364 548 2401 Gruter
565 2363 679 2400 Thes.
699 2374 737 2409 p.
756 2364 836 2409 175,
857 2364 879 2399 9
896 2363 1029 2410 imago
1051 2363 1262 2400 Corinthea
1280 2364 1482 2409 Traiani).
1514 2363 1597 2400 Una
1615 2374 1671 2400 re·

172 2427 272 2462 stare
304 2424 457 2461 videtur
491 2422 707 2471 difficultas,
739 2424 843 2471 quod
878 2422 1177 2474 κορινθιουργής,
1219 2423 1435 2470 ubicunque
1470 2423 1674 2461 adhibetur

170 2484 381 2532 (Strab.1V
406 2496 442 2530 p.
459 2485 547 2530 1983
572 2485 663 2521 VIII
688 2496 725 2530 p.
739 2485 823 2520 382.
872 2484 1010 2521 Athen.
1036 2485 1072 2521 V
1096 2496 1133 2530 p.
1159 2485 1229 2520 199
1245 2495 1278 2528 e,
1303 2495 1340 2530 p.
1365 2484 1438 2520 205
1461 2484 1500 2520 b.
1539 2483 1672 2530 Steph.

170 2540 264 2592 Byz.
292 2556 322 2582 s.
347 2556 385 2581 v.
411 2543 603 2593 Κόρινθος.
629 2544 780 2581 rPollux
805 2545 842 2581 X
865 2543 962 2592 157.)
988 2545 1036 2581 de
1061 2544 1166 2581 vasis
1190 2555 1379 2591 nusquam
1404 2555 1496 2581 vero
1524 2544 1572 2581 de
1597 2547 1673 2581 sta-

170 2604 248 2641 tuis
282 2604 425 2641 dictum
458 2607 530 2641 est.
588 2604 709 2646 Quam
747 2607 876 2640 tamen
914 2602 1178 2640 difficultatem
1216 2605 1357 2639 nullam
1392 2614 1482 2640 esse
1519 2614 1672 2641 censeo.

170 2662 306 2701 Graeci
338 2664 437 2713 enim
470 2664 676 2710 scriptores
711 2675 785 2700 non
809 2663 883 2701 nisi
908 2664 956 2700 de
982 2664 1087 2701 vasis
1114 2663 1322 2700 Corinthiis
1347 2663 1488 2709 dicunt,
1524 2666 1672 2701 statuas

168 2735 261 2761 vero
289 2723 517 2771 Corinthiae,
543 2735 702 2771 quarum
727 2735 750 2761 e
765 2724 945 2761 Romanis
972 2725 1064 2761 solis
1092 2724 1347 2770 scriptoribus
1358 2723 1533 2760 notitiam
1557 2723 1672 2760 habe-

170 2795 265 2830 mus,
311 2795 388 2821 non
421 2787 775 2831 commemorantes3
823 2784 955 2831 negari
986 2784 1105 2831 igitur
1138 2795 1212 2820 non
1237 2787 1380 2830 potest,
1414 2784 1571 2821 Graecis
1596 2794 1672 2820 non

171 2844 293 2880 solum
320 2843 368 2882 de
394 2843 498 2881 vasis
524 2843 595 2882 sed
609 2844 734 2891 ctiam
760 2844 807 2881 de
835 2844 973 2882 statuis
1000 2844 1126 2882 dicere
1151 2843 1307 2881 licuisse
1333 2842 1636 2894 Κορινθιουργῆς.
