1844 3140
801 165 1098 209 „24-

197 290 346 343 gatam
386 285 524 331 fuisse
559 278 760 344 plurimis
798 286 981 345 picturis
1012 300 1216 331 vasorum
1247 286 1480 344 docemur3
1521 286 1697 331 fabulae

196 366 343 406 autem
385 362 441 407 de
483 362 657 407 Baccho
696 363 862 420 Indico,
902 368 950 407 ut
981 377 1114 420 supra
1143 363 1345 419 vidimus,
1378 366 1480 406 ante
1509 363 1695 406 Alexan-

196 435 322 480 drum
360 436 523 482 nullius
553 437 762 482 momenti
802 437 961 482 nedum
1003 442 1096 482 arte
1128 436 1325 482 excultae
1365 442 1501 481 erant.
1559 439 1696 481 Immo

196 512 472 568 Boettigerus
491 511 644 570 (Ideen
660 526 735 555 zur
748 512 1010 557 Geschichte
1028 513 1104 556 der
1115 512 1292 557 Malerei
1302 527 1345 569 p.
1361 513 1464 570 183)
1481 512 1696 569 probavit,

195 587 317 631 illam
352 586 703 642 antiquissimam
743 586 880 631 fuisse
918 587 1081 631 Bacchi
1121 587 1315 643 fingendi
1345 587 1570 646 rationem,
1617 602 1698 632 nec

195 663 432 719 quidquam
448 662 610 709 habere
627 678 722 708 cum
729 663 858 708 India
870 678 1108 708 commune.
1140 665 1339 719 Denique
1355 665 1472 719 quod
1479 665 1697 708 Bacchum

195 739 357 796 tunica,
400 751 509 794 sago
551 752 702 783 croceo
743 744 786 782 et
826 739 970 795 palleo
1008 739 1265 782 instructum
1307 752 1403 782 esse
1446 739 1697 783 Oallixenus

195 818 358 871 narrat,
390 813 448 857 ad
478 827 570 857 rem
603 814 849 858 scaenicam
879 814 1080 870 pertinet,
1112 814 1216 868 quia
1246 818 1415 857 actores
1435 813 1510 857 illo
1544 818 1697 857 ornatu

195 888 338 932 induti
379 901 477 934 esse
519 889 731 934 solebant.
744 888 778 947 1)
811 914 869 919 —
910 889 1129 933 Craterem
1161 893 1306 933 autem
1337 889 1509 933 Baccho
1541 902 1694 946 propo-

196 966 328 1010 situm
360 966 493 1009 etiam
523 965 569 1007 in
608 965 715 1007 artis
754 964 1045 1007 monumentis
1082 964 1342 1019 reperimus:
1386 964 1450 1006 sic
1481 968 1622 1006 crater
1651 964 1697 1006 in

195 1039 411 1084 Bacchico
457 1038 675 1095 triumpho
718 1052 774 1082 ex
811 1038 939 1082 India
977 1037 1147 1081 ducitur
1185 1038 1230 1081 in
1268 1037 1539 1094 anaglypho,
1582 1038 1697 1092 quod

195 1116 362 1173 primus
379 1114 518 1158 edidit
533 1115 682 1172 Zoega
696 1114 931 1158 Bassilievi
947 1115 969 1157 I
985 1115 1025 1157 8.
1045 1114 1195 1159 Millin.
1215 1113 1327 1157 Gall.
1344 1113 1480 1170 Myth.
1503 1114 1577 1158 Nr.
1596 1113 1695 1157 239.

314 1204 374 1248 Ut
405 1202 623 1247 Gallixeni
654 1200 992 1258 descriptionem
1022 1213 1346 1258 persequamur,
1377 1200 1696 1256 transgredien-

195 1278 298 1321 dum
339 1282 419 1335 est,
460 1277 622 1321 omisso
662 1276 806 1320 thiaso
845 1276 903 1320 ad
933 1277 1083 1334 Nysae
1113 1278 1301 1334 siynum.
1365 1276 1491 1328 Quod
1522 1278 1696 1332 quidem

194 1359 285 1398 tam
315 1354 482 1398 affabre
513 1356 608 1397 erat
637 1351 892 1409 confectum,
925 1355 972 1394 ut
1001 1351 1047 1394 vi
1078 1351 1268 1406 quadam
1299 1351 1471 1408 interna
1502 1358 1697 1409 surgeret

193 1438 237 1477 et
265 1433 370 1476 vino
400 1445 425 1475 e
454 1435 609 1488 patera
639 1430 776 1473 effuso
805 1428 1029 1473 resideret.
1041 1426 1076 1485 2)

293 1595 320 1641 ²)
344 1593 491 1630 Eodem
524 1591 607 1629 fere
632 1590 779 1627 vestitu
813 1589 998 1627 Bacchico
1029 1593 1186 1626 ornatus
1218 1584 1287 1626 'est
1317 1590 1535 1628 Alexander
1559 1591 1596 1627 in
1621 1593 1694 1629 Me·

193 1654 328 1692 nandri
351 1650 773 1701 Dionysosalexandro:
947 1702 964 1710 „

530 1711 663 1756 στολῆν
687 1712 733 1747 δὲ
758 1710 805 1755 δή
832 1710 900 1746 τίν’
928 1711 1019 1758 εἶχε,
1044 1708 1158 1746 τοῦτό
1179 1724 1244 1757 μοι
1269 1710 1430 1759 φράσον.

434 1777 472 1808 Β.
522 1771 680 1817 θύρσον,
705 1769 897 1819 κροκωτόν
922 1770 1087 1806 ποικίλον
1111 1768 1324 1818 καρχήσιον.

290 1832 479 1881 (Meineke
503 1830 639 1878 fragm.
666 1830 771 1868 Com.
795 1830 833 1866 H
856 1828 931 1877 37.)

293 1903 323 1952 ²)
347 1904 452 1940 Haec
478 1913 576 1950 quae
602 1905 788 1939 vocantur
813 1900 1011 1949 αὐτόματα
1035 1912 1109 1938 non
1135 1904 1211 1937 tam
1238 1905 1345 1938 erant
1369 1913 1465 1949 rara,
1490 1914 1603 1949 quam
1627 1915 1695 1950 pu-

192 1964 347 2001 taveris.
399 1963 506 2006 Quae
532 1962 631 2000 enim
658 1962 751 1999 artis
776 1961 1017 1999 mechanicae
1044 1972 1134 2007 pars
1161 1964 1288 1997 aetate
1315 1961 1573 1999 Alexandrina
1597 1963 1694 1999 adeo

194 2027 278 2061 erat
303 2024 465 2070 exculta,
490 2026 534 2059 ut
558 2022 661 2060 Hero
686 2023 705 2059 I
729 2022 1010 2059 Alexandrinus
1037 2021 1222 2059 scriberet
1246 2024 1335 2069 περὶ
1359 2020 1593 2069 αὕτομᾰτων.
1620 2023 1694 2071 (ed.

191 2084 392 2120 Thevenot
423 2083 554 2121 Veter.
587 2083 764 2119 mathem.
798 2093 916 2129 opera
948 2082 1107 2119 Parisiis
1139 2081 1260 2129 1693.)
1320 2082 1378 2118 Ex
1410 2083 1506 2119 libro
1532 2082 1695 2119 Heronis

190 2155 306 2180 unum
338 2144 462 2180 locum
499 2143 618 2180 affere
650 2142 740 2179 mihi
771 2142 895 2189 liceat,
927 2141 994 2179 ubi
1034 2145 1268 2179 automatum
1301 2143 1530 2179 describitur
1560 2146 1695 2179 notatu

190 2203 466 2249 dignissimum,
504 2213 581 2248 quo
606 2202 780 2238 Bacchus
807 2205 868 2238 est
900 2202 1135 2247 propositus.
1162 2202 1215 2249 (p.
1241 2202 1311 2237 246
1337 2202 1420 2249 sq.).
1471 2201 1533 2237 ἐπὶ
1559 2199 1604 2237 δὲ
1628 2203 1697 2238 τοῦ

188 2260 502 2312 καταστρώματος
526 2261 714 2310 ἐφέστηκε
737 2262 891 2303 ναΐσκος
924 2260 1163 2311 στρογγύλος,
1197 2260 1296 2310 ἔχων
1329 2266 1452 2302 κίονας
1478 2263 1527 2305 ἒξ,
1564 2263 1625 2299 ἐπὶ
1651 2263 1695 2299 δὲ

190 2323 325 2360 τούτου
352 2327 519 2372 πυργίον
544 2323 738 2363 κωνοειδὲς
763 2323 983 2370 ἐφέστηκεν,
1008 2323 1251 2369 ἐντεταμένην
1265 2321 1364 2369 ἔχων
1386 2321 1451 2365 τῆν
1474 2322 1696 2370 ἐπιφάνειαν

190 2383 368 2431 καθάπερ
395 2385 552 2431 εἴρηται·
585 2382 649 2418 ἐπὶ
675 2382 719 2417 δὲ
745 2383 809 2426 τῆς
835 2383 1003 2430 κορυφῆς
1028 2381 1214 2429 ἐφέστηκε
1239 2385 1338 2425 νίκη·
1365 2384 1429 2417 καὶ
1454 2381 1495 2417 ἐν
1519 2383 1564 2430 τῇ
1589 2383 1695 2430 δεξιᾷ

187 2446 287 2493 χειρὶ
313 2443 505 2491 στέφανον
530 2443 779 2490 κατέχουσαῂ
798 2442 838 2479 ἐν
871 2443 915 2478 δὲ
947 2442 1053 2490 μέσῳ
1086 2442 1154 2476 τοῦ
1177 2442 1331 2477 ναΐσκου
1357 2441 1489 2482 camum
1513 2443 1693 2478 Διονύσου

188 2503 399 2550 ἐφέστηκεν
429 2502 471 2537 ἐν
502 2504 576 2549 μὲν
606 2503 651 2548 τῇ
686 2500 869 2550 ἄριστερᾷ
901 2504 1002 2550 χειρὶ
1036 2498 1180 2549 θύρσον
1213 2501 1389 2547 κατέχον,
1434 2501 1475 2537 ἐν
1512 2503 1556 2550 τῇ
1589 2503 1696 2551 δεξιᾷ

188 2561 343 2612 σκύφος.
392 2562 704 2612 παρακαθέζεται
737 2562 782 2599 δὲ
807 2565 1063 2611 πανθηρίσκος
1101 2560 1194 2611 πρὸς
1227 2566 1307 2603 τοῖς
1332 2562 1401 2598 τοῦ
1425 2562 1602 2599 Διονύσου
1629 2577 1695 2599 πο-

188 2628 270 2659 σίν·
295 2624 337 2660 ἐν
361 2624 406 2659 δὲ
431 2629 512 2664 τοῖς
537 2622 760 2673 ἔμπροσθεν
786 2626 851 2658 καὶ
876 2628 953 2662 τοῖς
978 2621 1140 2657 ὄπισθεν
1171 2622 1306 2670 μέρεσι
1331 2624 1399 2658 τοῦ
1423 2622 1606 2659 Διονύσου
1633 2624 1695 2659 ἐπὶ

187 2684 251 2720 τοῦ
285 2681 601 2733 καταστρώματος
626 2681 751 2732 βωμός
775 2683 969 2727 ἐπίκειται,
995 2680 1096 2731 ἔχων
1129 2680 1301 2731 ξύσματα
1326 2682 1402 2718 τῶν
1426 2684 1592 2722 σανίδων
1616 2679 1694 2720 τεκ-

187 2743 319 2781 τονικά
344 2744 458 2793 ξηρά·
485 2744 582 2780 κατά
605 2744 650 2780 δὲ
673 2748 781 2780 κίονα
806 2746 882 2780 τῶν
906 2744 947 2779 ἐν
972 2744 1025 2791 τῷ
1044 2742 1185 2792 ναΐσκῳ
1208 2744 1275 2778 τοῦ
1299 2742 1478 2778 Διονύσου
1506 2744 1694 2793 παρέστη-

187 2815 254 2839 κεν
285 2802 395 2843 ἐκτός
423 2804 491 2838 τοῦ
522 2803 678 2838 ναῖσκου
713 2802 833 2851 βᾶκχη
866 2802 1166 2851 διεσκευασμένη,
1196 2802 1248 2843 ὥς
1283 2801 1331 2838 ἂν
1364 2815 1417 2844 τις
1452 2804 1692 2851 προαιρῆται.
