1844 3140
724 162 1048 235 -21-'

127 315 437 361 conformanda
467 321 510 360 et
548 316 856 360 commutanda
885 316 1080 373 publica,
1122 314 1376 372 praesertim
1405 314 1622 360 Bacchica

125 393 251 437 festa.
312 395 476 447 Pompa
505 395 645 445 igitur
674 393 755 435 illa
784 393 1001 436 Bacchica
1032 394 1136 445 quia
1166 393 1379 445 originem
1409 392 1538 435 duxit
1566 394 1622 435 ab

106 460 370 509 ‘Alexandri
392 469 764 520 expeditionibuS‚
795 469 872 519 qui
896 469 1117 511 Bacchum
1131 470 1283 518 Asiam
1303 472 1624 520 expugnantem

123 545 319 585 imitatus
361 545 457 596 ipse
493 544 598 586 novi
636 544 804 586 Bacchi
846 544 1023 586 vicibus
1068 545 1199 596 fungi
1243 545 1331 585 sibi
1374 544 1623 595 videbatur,

124 630 290 665 summo
331 621 428 661 iure
469 621 534 661 ita
573 620 734 671 optime
764 632 895 671 agere
925 621 1053 662 nobis
1083 608 1297 670 videmur,
1327 623 1379 661 ut
1407 621 1454 661 in
1484 620 1622 672 expli-

123 706 204 736 can
233 696 273 736 is
304 694 493 746 singulis
523 695 725 747 partibus
756 694 921 736 fabulis
952 696 1005 736 de
1034 695 1210 737 Baccho
1241 694 1392 737 Indico
1418 695 1621 738 nitamur.

241 976 354 1018 Tota
383 987 546 1031 pompa
575 980 668 1029 erat
699 974 845 1018 divisa
874 974 920 1018 in
951 978 1099 1030 partes
1136 973 1401 1030 complures:
1449 974 1621 1019 initium

122 1050 238 1106 cepit
268 1064 296 1093 a
326 1063 488 1106 pompa
517 1049 730 1105 Luciferi3
763 1049 1056 1104 sequebantur
1085 1063 1273 1105 pompae
1304 1063 1456 1105 regum
1488 1050 1620 1093 maio-

121 1125 242 1168 ribus
260 1130 552 1181 consecratae,
579 1124 737 1168 deinde
754 1124 931 1168 deorum
948 1125 1151 1181 omnium,
1175 1129 1398 1181 postrema
1420 1125 1620 1182 Hesperi,

121 1214 145 1243 e
178 1201 333 1254 quibus
367 1200 566 1242 omnibus
590 1199 841 1242 Athenaeus
868 1199 1002 1242 solius
1028 1212 1215 1256 pompae
1241 1200 1484 1243 Bacchicae
1512 1201 1620 1244 satis

120 1281 367 1320 accuratam
398 1275 736 1332 descriptionem
765 1274 909 1318 tradit.

240 1368 430 1417 Primum
472 1368 613 1410 locum
655 1372 804 1411 tenent
841 1367 998 1423 Sileni,
1039 1367 1114 1422 qui
1143 1366 1340 1411 lictorum
1372 1369 1500 1424 quasi
1530 1382 1620 1413 mu—

120 1458 224 1488 nere
253 1443 483 1498 fungentes
514 1443 684 1486 turbam
717 1447 991 1499 amoverent,
1034 1446 1238 1486 secuntur
1269 1442 1429 1501 Satyri.
1493 1444 1620 1497 Quod

121 1519 354 1574 Victoriae,
387 1530 499 1571 quae
520 1518 700 1573 Satyros
725 1518 961 1574 excipiunt,
993 1518 1215 1562 thuribula
1238 1519 1440 1575 serentes,
1474 1520 1619 1577 aureis

123 1595 205 1638 alis
236 1595 474 1638 instructae
506 1597 626 1649 sunt,
665 1592 781 1636 idem
812 1592 1019 1636 traditum
1050 1581 1299 1650 accepimus
1329 1594 1376 1638 in
1406 1595 1619 1639 Panathe-

120 1670 248 1712 naica
287 1683 451 1725 pompa
485 1668 648 1711 factum
687 1681 805 1724 esse,
847 1668 893 1711 in
931 1681 1018 1722 qua
1057 1669 1190 1712 etiam
1219 1669 1438 1713 Victorias
1476 1671 1619 1714 alatas

118 1745 352 1790 incessisse
382 1749 504 1803 patet
535 1758 560 1789 e
589 1744 736 1789 verbis
764 1743 1012 1788 Pausaniae
1037 1744 1059 1788 I
1082 1745 1154 1802 29,
1187 1745 1242 1788 16
1275 1745 1618 1795 κατεσκεύασε

122 1823 175 1871 δὲ
211 1823 569 1886 (Λυκοῦργος)
607 1829 834 1884 πομπεῖα
868 1824 935 1888 τῇ
974 1823 1076 1888 θεῷ
1115 1824 1198 1870 καὶ
1235 1821 1381 1881 νίκας
1414 1826 1619 1889 χρυσᾶς

120 1902 203 1948 καὶ
227 1901 509 1964 παρθένοις
546 1901 749 1962 κόσμον
773 1899 974 1949 ἑκατόν.
1050 1901 1250 1945 Eandem
1297 1915 1387 1945 rem
1433 1902 1620 1946 Romani

119 1980 450 2035 adoptaverunt,
482 1979 527 2022 in
546 1993 720 2035 pompa
742 1978 937 2022 Gircensi
965 1996 1203 2037 pomposas
1228 1980 1446 2023 Victorias
1469 1978 1617 2036 (ovid.

119 2056 265 2099 Amor.
297 2056 364 2099 III
395 2056 441 2114 2)
474 2055 694 2100 ducentes.

237 2132 449 2176 Secuntur
481 2132 566 2176 duo
599 2132 757 2187 Sileni,
798 2132 908 2176 alter
938 2132 1087 2176 tubam
1114 2136 1320 2189 gestans,
1359 2132 1469 2176 alter
1498 2136 1618 2189 peta-

119 2220 213 2250 sum
255 2212 299 2250 et
337 2207 591 2263 caduceum,
639 2208 797 2263 quibus
843 2208 974 2251 rebus
1020 2207 1258 2252 Mercurius
1304 2208 1450 2252 ornari
1491 2208 1615 2252 solet.

118 2283 238 2326 Haec
280 2282 374 2325 sine
416 2282 548 2326 dubio
589 2282 676 2325 illis
717 2282 869 2338 figuris
901 2282 1159 2330 subicienda
1189 2287 1257 2326 est
1293 2283 1530 2340 sententia,
1570 2288 1618 2327 ut

117 2371 356 2416 praecones
395 2358 521 2414 quasi
561 2362 707 2402 essent
737 2357 859 2402 Anni
866 2392 878 2414 ,
916 2371 1044 2413 quem
1075 2357 1305 2413 ducebant,
1367 2358 1617 2403 Notandum

75 2432 78 2440 ⁴
118 2439 206 2490 est,
239 2434 355 2477 Anni
386 2439 573 2478 statuam
605 2438 760 2478 ornatu
782 2434 951 2489 tragico
976 2447 1074 2478 esse
1097 2434 1352 2478 instructam
1385 2434 1468 2494 (ἓν
1494 2454 1616 2499 τρα-

120 2514 236 2577 γικῇ
276 2511 507 2559 διαθέσει
540 2513 623 2558 καὶ
656 2511 954 2577 προσώπῳ),
988 2526 1075 2568 qua
1105 2526 1160 2557 ex
1190 2526 1236 2556 re
1266 2518 1465 2570 apparet,
1497 2515 1615 2568 quod

118 2589 266 2633 statim
297 2589 384 2632 alio
416 2603 586 2645 quoque
618 2590 712 2633 loco
744 2589 1013 2646 videbimus,
1053 2589 1108 2633 de
1140 2603 1192 2633 eo
1223 2603 1339 2634 anno
1370 2603 1468 2634 esse
1498 2591 1614 2647 cogi—

120 2665 322 2722 tandum,
355 2678 440 2720 quo
470 2665 563 2709 ludi
594 2664 789 2710 scaenici
815 2665 1165 2710 instituebantur.

235 2751 410 2797 Annum
441 2752 605 2810 excipit
633 2752 788 2797 mulier
818 2752 979 2797 eximia
1009 2752 1331 2811 magnitudine,
1363 2766 1475 2809 quae
1505 2755 1615 2798 Pew

116 2833 259 2875 ceteris
289 2834 480 2882 vocatur,
512 2829 651 2874 altera
672 2843 805 2874 manu
832 2843 1049 2887 coronam,
1081 2830 1219 2874 altera
1244 2829 1413 2887 virgam
1439 2831 1612 2888 palmae
