1844 3140
291 1306 535 1397 Magnifica
557 1356 730 1399 pompa,
754 1357 782 1386 a
801 1342 1050 1387 Ptolemaeo
1067 1343 1355 1401 Philadelpho
1377 1342 1521 1400 ducta,
1545 1342 1668 1386 cuius

171 1431 405 1490 descriptio
438 1435 554 1491 apud
579 1435 848 1478 Athenaeum
870 1434 963 1491 (lib.
981 1436 1031 1491 V,
1050 1449 1145 1491 cap.
1162 1421 1359 1493 25—35)
1390 1439 1549 1491 exstat,
1568 1442 1666 1478 ·no'n

170 1523 226 1566 ab
268 1537 355 1567 una
395 1529 520 1580 parte
562 1525 699 1581 digna
739 1538 853 1570 esse.
875 1525 982 1569 mihi
1024 1525 1217 1582 videtur,
1267 1539 1379 1581 quae
1419 1525 1666 1591 accuratius

169 1615 451 1682 examinetur.
509 1616 573 1659 Ac
603 1618 790 1672 primum
817 1613 992 1672 quidem
1019 1618 1224 1672 quoniam
1249 1618 1304 1665 de
1328 1594 1522 1673 pompis,
1554 1630 1665 1671 quas

170 1705 325 1750 Graeci
360 1706 560 1751 omnibus
591 1705 737 1764 festis,
779 1707 1013 1765 praecipue
1044 1707 1273 1752 Bacchicis
1304 1708 1516 1766 agebant,
1555 1708 1666 1754 satis

168 1812 367 1842 mancam
400 1804 443 1843 et
472 1800 756 1856 perexiguam
788 1800 1079 1856 cognitionem
1109 1800 1344 1857 habemus,
1376 1805 1425 1844 ut
1454 1813 1558 1857 pars
1588 1800 1666 1845 illa

164 1904 306 1933 rerum
348 1905 568 1935 sacrarum
609 1892 654 1935 in
677 1892 881 1936 obscuro
921 1892 1012 1936 fere
1051 1892 1198 1949 posita
1240 1892 1320 1949 sit,
1368 1884 1663 1950 descriptione

165 1981 379 2026 Callixeni
417 1983 535 2027 illam
574 1983 776 2033 lacunam
813 1983 884 2027 vel
921 1996 1125 2039 magnam
1156 1987 1325 2041 partem
1357 1983 1533 2041 explere
1562 1998 1661 2042 pos-

163 2086 330 2129 sumus,
363 2075 466 2129 quia
495 2087 574 2130 per
608 2087 704 2117 sese
733 2074 971 2117 verisimile
1002 2078 1089 2130 est,
1128 2074 1425 2117 Ptolemaeum
1454 2088 1660 2132 pompam

103 2140 105 2143 ι
161 2165 280 2208 illam
312 2164 370 2208 ad
400 2164 646 2221 exemplum
678 2177 849 2221 earum,
881 2178 992 2219 quae
1024 2164 1263 2219 antiquitus
1294 2179 1323 2208 a
1345 2164 1527 2208 Graecis
1558 2179 1659 2221 age-

159 2259 329 2316 bantur,
361 2256 617 2302 instituisse.
665 2256 836 2301 Deinde
866 2256 975 2301 haec
1007 2256 1223 2326 expositio
1245 2255 1433 2314 primum
1455 2257 1658 2303 eundem-

159 2364 242 2406 que
273 2351 568 2407 incorruptum
599 2350 781 2406 praebet
811 2349 995 2406 fontem,
1042 2363 1066 2392 e
1107 2363 1215 2405 quo,
1262 2349 1414 2404 quales
1444 2349 1658 2405 pristinae

157 2442 317 2486 fuerint
357 2441 412 2486 de
454 2441 615 2486 Bacchi
665 2440 1019 2497 expeditionibus
1056 2440 1222 2484 Indicis
1262 2439 1458 2500 fiabulae,
1497 2454 1656 2496 cogno—

158 2547 331 2579 scamus
343 2522 392 2593 ¹1).
455 2532 524 2576 Ad
554 2532 669 2577 hanc
709 2531 841 2588 igitur
871 2511 996 2588 rem,⁸
1018 2544 1148 2587 quam
1183 2545 1215 2591 a
1254 2530 1363 2577 viris
1394 2531 1535 2582 doctis
1564 2532 1655 2577 fere

254 2745 280 2793 ¹)
314 2745 508 2790 Denique,
534 2748 577 2780 ut
602 2745 866 2790 Alexandrini,
893 2745 998 2791 quod
1022 2745 1071 2780 ad
1095 2744 1242 2781 litteras
1269 2725 1438 2789 spectat,
1462 2743 1501 2780 in
1526 2745 1651 2781 medio

152 2805 270 2851 positi
296 2807 400 2850 sunt,
433 2805 532 2841 inter
563 2804 731 2842 Graecos
757 2808 797 2841 et
820 2805 1030 2851 Romanos,
1067 2805 1215 2841 litteras
1248 2815 1273 2850 a
1296 2803 1451 2841 Graecis
1477 2805 1650 2841 excultas

151 2865 331 2902 Romanis
357 2864 565 2911 tradentes,
591 2865 645 2902 sic
669 2865 764 2902 ritus
789 2871 943 2911 quoque
969 2868 1009 2901 et
1037 2864 1307 2910 caeremonias,
1332 2874 1445 2911 quae,
1470 2866 1649 2910 receptae

999 2932 1001 2935 ’
1338 2935 1358 2971 1
