1844 3140
733 190 1031 234 -25-

1316 279 1329 295 ι

252 317 358 360 Post
373 316 543 375 Nysam
561 315 731 360 vehitur
747 315 953 371 torcular,
975 317 1024 358 in
1039 332 1121 373 quo
1147 316 1291 373 satyri
1316 313 1452 358 sileno
1484 311 1634 369 εἶναι)

132 393 283 435 vinum
306 398 524 448 pressant,
538 389 573 447 ²)
604 398 695 433 tum
724 398 820 434 uter
849 392 1053 434 vinarius
1064 389 1098 447 ³)
1143 388 1382 432 immensae
1420 387 1634 444 magnitu-

134 466 266 523 dinis,
299 465 485 521 denique
517 470 656 511 crater
686 471 729 510 et
759 466 848 510 alia
879 479 988 510 vasa
1016 465 1189 509 vinaria
1220 464 1361 508 omnis
1393 463 1579 520 generis.

251 557 396 600 Primo
432 557 526 600 loeo
569 557 862 612 quaerendum
900 561 983 614 est,
1025 556 1130 612 quid
1173 551 1235 599 ‘sit
1279 554 1387 598 illud
1419 552 1625 618 ἄγαλμα

134 633 332 693 Νύσης.
401 635 469 679 De
510 636 633 692 Nysa
671 638 797 679 tanta
832 628 1015 690 traditur
1045 633 1291 678 fabularum
1330 631 1521 689 farrago,
1567 645 1630 676 re-

133 713 398 757 centioribus
438 714 532 757 sine
578 713 710 756 dubio
742 712 1011 769 temporibus
1043 711 1283 768 consuta‚4)
1316 711 1445 769 (quas
1484 715 1631 754 tamen

132 787 381 841 examinare
413 802 440 831 a
469 802 566 831 meo
589 783 813 844 proposito
837 787 1026 831 alienum
1048 786 1146 845 est),
1177 791 1225 830 ut
1256 786 1361 830 certi
1392 785 1631 841 quidquam

133 867 323 907 statuere
354 862 412 905 sit
442 861 757 909 difficillimum.
820 861 986 913 Quodsi
1018 875 1114 904 cum
1146 861 1407 904 Gasaubono
1439 865 1483 904 et
1511 861 1630 904 Man-

85 928 87 930 *
133 951 238 982 sone
286 937 572 993 (Vermisehte
622 935 840 981 Schriften
886 937 931 979 II
971 951 1013 992 p.
1053 935 1159 993 347)
1199 934 1254 979 de
1293 936 1416 991 Nysa
1463 934 1630 979 nutrice

133 1011 415 1066 cogitandum
453 1015 581 1067 esset,
622 1011 786 1054 Baoehi
817 1011 1019 1054 iuventus
1049 1010 1133 1054 hae
1162 1023 1350 1067 pompae
1379 1014 1505 1066 parte
1534 1023 1630 1066 pro-

132 1086 278 1143 posita
317 1099 414 1130 esse
454 1085 685 1129 videretur.
749 1085 973 1137 Quomodo
1016 1099 1112 1128 oum
1144 1099 1197 1128 ea
1227 1083 1415 1148 torcular
1445 1088 1489 1128 et
1519 1097 1632 1139 quae

132 1168 348 1220 secuntur,
381 1167 482 1220 apte
504 1162 719 1219 *coniungi
757 1162 989 1220 potuerint,
1023 1161 1283 1219 Calpurnius
1315 1161 1408 1206 eel.-
1425 1161 1469 1205 Χ
1498 1175 1539 1206 v.
1575 1161 1631 1205 15

132 1329 275 1366 τούτων
299 1330 341 1365 δὲ
376 1327 493 1370 οὕτως
531 1327 778 1378 ὕπαρχόντων
811 1330 851 1364 ἐν
884 1328 981 1378 α’ρχῇ
1011 1329 1190 1368 τεθέντος
1228 1328 1297 1363 τοῦ
1324 1327 1542 1377 αὐτομάτου
1570 1330 1634 1365 ἐπί

131 1405 211 1427 τινα
236 1389 365 1434 τόπον,
389 1389 516 1434 ἐπάξει
540 1388 584 1426 τό
608 1387 820 1438 αὐτόματον
843 1389 907 1426 ἐπί
929 1403 1009 1425 τινα
1036 1388 1245 1437 ὦρισμένον
1269 1387 1399 1425 τόπον·
1432 1392 1494 1425 καὶ
1520 1401 1633 1426 σταν-

130 1451 193 1491 τὸς
219 1449 339 1485 αύτοῦ
366 1449 669 1493 ἄνακαυθῆσεται
702 1449 721 1483 ὁ
744 1449 838 1484 κατα
871 1448 1041 1497 πρόσθεν
1075 1450 1145 1483 τοῦ
1178 1449 1362 1484 Διονύσου
1388 1449 1526 1496 βωμός·
1566 1453 1632 1484 καὶ

130 1510 171 1547 ἐκ
197 1509 358 1559 μὲνΝ-,τμοῦ
388 1508 531 1558 θύρσου
564 1510 632 1544 τοῦ
668 1506 847 1545 Διονύσου
882 1507 958 1553 ἦτοι
993 1507 1092 1555 γάλα
1119 1507 1139 1552 ἢ
1164 1505 1267 1557 ὕδωρ
1299 1508 1632 1553 ἐκπυτισθῆσεται·

129 1571 171 1606 ἐκ
204 1571 248 1606 δὲ
288 1570 357 1605 τοῦ
389 1568 561 1617 σκύφους
585 1561 685 1609 οἶνος
716 1568 967 1616 ἐκχυθήσεται
1001 1569 1064 1604 ἐπὶ
1103 1567 1171 1604 τόν
1205 1568 1456 1616 ύποκείμενον
1486 1573 1634 1612 πανθη-

129 1634 282 1680 ρίσκον·
325 1627 672 1703 στεφανωθήσεται
699 1629 743 1665 δὲ
774 1629 847 1669 πᾶς
884 1629 906 1664 ὁ
934 1628 1043 1679 παρα
1078 1628 1166 1670 τοῦς
1199 1629 1376 1677 τέσσαρες
1412 1631 1540 1669 κίονας
1571 1628 1634 1672 τῆς

107 1691 270 1740 ’βάσεως
302 1690 430 1731 τόπος·
470 1694 511 1726 αἱ
544 1690 588 1726 δὲ
619 1692 709 1737 περι
740 1688 862 1738 κύκλῳ
893 1689 1032 1737 βάκχαι
1064 1688 1369 1737 περιελεύσονται
1404 1687 1635 1736 χορεύουσαι

131 1753 220 1798 περὶ
244 1750 307 1786 τόν
330 1751 504 1785 ναΐσκον·
541 1752 605 1784 καὶ
630 1749 721 1796 ἦχος
745 1748 846 1784 ἔσται
879 1748 1080 1797 τυμπάνων
1103 1751 1166 1784 καὶ
1192 1747 1407 1796 κυμβάλων·
1445 1751 1509 1784 καὶ
1532 1759 1634 1796 μετα

129 1823 248 1846 ταυτα
279 1809 494 1845 σταθέντων
528 1810 599 1844 τῶν
631 1807 731 1856 ἤχων
762 1807 1093 1857 ἀποστραφήσεται
1125 1808 1168 1844 τό
1200 1807 1379 1844 Διονύσου
1414 1807 1550 1849 ζιύδιον
1580 1810 1634 1849 εἰς

129 1869 172 1905 τό
197 1868 304 1909 ἐκτός
326 1869 466 1918 μέρος·
492 1866 571 1916 ἅμα
596 1868 639 1903 δὲ
666 1867 783 1918 τούτῳ
809 1872 873 1904 καὶ
906 1869 927 1912 ἦ
951 1869 1164 1916 ἐπικειμένη
1190 1869 1243 1917 τῷ
1265 1872 1413 1917 πυργίῳ
1440 1871 1522 1912 νίκη
1545 1879 1634 1904 συν-

130 1928 438 1977 επιτραφῆσεται·
464 1932 527 1963 καὶ
552 1928 662 1964 niam
686 1929 727 1965 ἐκ
752 1931 825 1976 μὲν
850 1930 920 1964 τοῦ
945 1927 1092 1979 θύρσου
1121 1929 1143 1964 ὅ
1165 1928 1420 1976 ἇναπυτισμὸς
1445 1927 1566 1964 ἔσται·
1593 1929 1634 1965 ἐκ

129 1990 174 2025 δὲ
198 1990 267 2025 τοῦ
293 1988 463 2037 σκύφους
488 1989 509 2033 ἧ
533 1987 697 2037 ἔκχυσις·
735 1992 798 2024 καὶ
822 1989 932 2025 πάλιν
961 1994 1003 2026 αἱ
1026 1989 1162 2037 βάκχαι
1193 1988 1401 2037 χορεύουσι
1438 1988 1633 2037 περιερχό-

127 2061 240 2098 μεναι
276 2048 339 2085 τὸν
372 2049 529 2084 ναΐσκον
560 2049 656 2097 μετα
692 2048 825 2097 ψόφου
858 2049 1060 2098 τυμπάνων
1085 2053 1150 2086 καὶ
1176 2049 1391 2098 κυμβάλων·
1424 2053 1487 2085 καὶ
1522 2048 1634 2086 πάλιν

128 2111 339 2146 σταθεισῶν
372 2109 496 2146 αὐτῶν
527 2108 571 2146 τό
601 2108 812 2158 αὐτόματον
849 2109 1074 2159 ἆναχωρίσει
1105 2113 1158 2151 εἰς
1191 2109 1260 2146 τόν
1290 2110 1329 2150 ἐξ
1362 2109 1478 2159 ἀρχῆς
1502 2109 1633 2147 τόπον.

126 2173 187 2206 καὶ
212 2169 327 2210 οὕτως
351 2170 456 2210 τέλος
482 2170 555 2213 ἕξει
579 2170 601 2213 ἦ
624 2170 810 2214 ἐπίδειξις.

227 2228 255 2276 ¹)
282 2229 448 2266 Silenum
479 2228 619 2275 poetae
654 2239 771 2276 saepe
796 2230 916 2275 patris
941 2230 1126 2276 ducisque
1154 2233 1369 2278 satyrorum
1394 2230 1630 2276 aliorumque

129 2289 332 2327 silenorum
366 2288 515 2326 vicibus
549 2288 773 2336 fungentem
807 2288 1006 2327 fecerunt„
1042 2290 1187 2339 (Eurip.
1213 2290 1318 2337 cycl.
1347 2290 1392 2327 13
1419 2289 1492 2337 sq.)

224 2348 256 2395 ²)
279 2350 403 2385 Etiam
433 2350 471 2384 in
503 2349 596 2385 artis
630 2351 883 2386 monumentis
917 2354 1069 2397 satyros
1103 2351 1326 2396 reperimus,
1364 2351 1431 2396 qui
1457 2350 1629 2386 iocantes

131 2408 230 2446 inter
262 2407 438 2445 tibiarum
472 2411 621 2445 cantum
654 2408 783 2446 vinum
813 2412 1011 2457 torquent,
1046 2409 1093 2447 de
1127 2420 1204 2457 qua
1234 2420 1275 2447 re
1309 2410 1397 2447 vide
1431 2409 1622 2448 Welckeri

127 2468 216 2505 Alte
241 2469 473 2505 Denkmiiler
497 2469 534 2504 H
557 2480 595 2514 p.
622 2469 691 2505 113
717 2479 773 2514 sq.

223 2526 253 2575 ⁸)
279 2526 455 2576 Similiter
478 2527 626 2574 pictura
650 2528 687 2564 in
714 2531 859 2566 cratere
884 2528 1071 2575 Appulieo
1097 2528 1254 2566 exhibet
1290 2539 1466 2576 magnum
1491 2532 1628 2576 utrem,

127 2588 278 2626 hederis
312 2591 362 2625 et
382 2589 519 2626 taeniis
549 2589 781 2636 redimitum,
814 2600 928 2636 quem
966 2590 1086 2637 satyri
1116 2590 1283 2627 humeris
1316 2590 1518 2636 sustinent,
1551 2593 1631 2626 ant-

127 2651 243 2685 eunte
266 2647 426 2685 Baccha.
453 2648 636 2685 Gerhard.
650 2648 793 2686 Antike
809 2649 1023 2688 Bildwetke
1049 2649 1180 2687 of.107
1207 2650 1388 2697 Gargiulo
1413 2650 1569 2687 Reeueil
1593 2651 1631 2687 11

127 2707 193 2745 tbl.
220 2708 278 2745 49.

224 2767 256 2815 ⁴)
279 2768 399 2813 Rode,
424 2768 667 2815 (Gesohiohte
693 2769 762 2806 der
785 2770 1041 2807 hellenisehen
1064 2769 1297 2807 Diehtkunst
1312 2772 1331 2806 Ι
1348 2771 1411 2818 93)
1431 2774 1628 2808 enumerat

125 2826 257 2865 decem
282 2827 409 2875 urbes,
434 2830 582 2866 montes
608 2829 911 2877 quattuordecim
935 2831 1050 2879 Nysa
1074 2830 1372 2878 cognominatos.
1408 2875 1410 2877 ,
1432 2822 1435 2825 ’
