1844 3140
802 219 1069 264 „7—

188 343 386 412 νικίδας
428 342 786 411 ἠμφιεσμένοι.
855 344 1059 404 τούτοις
1111 342 1552 409 δ’ἕπηκολούθουν
1598 341 1687 392 σά-

187 445 331 491 τυροι
368 430 486 475 καθ’
512 425 734 476 ἕκαστον
762 429 853 475 τοῦ
893 426 1109 477 σταδίου
1143 427 1303 491 μέρος
1337 417 1526 484 ἕῖκοσι,
1560 426 1686 489 λαμ-

185 509 355 571 πάδας
387 501 635 574 φέροντες
669 509 911 569 κισσίνας
944 509 1290 577 διαχρύσους·
1325 511 1446 572 μεθ’
1484 504 1575 567 οῦς
1614 514 1686 557 νῖ-

186 610 270 655 και
299 579 504 658 χρυσᾶς
536 590 750 659 ἔχουσαι
784 593 1065 657 πτέρυγας·
1103 592 1291 656 ἔφερον
1328 590 1374 639 δ’
1412 579 1564 640 αῦται
1591 594 1685 639 ’θυ-

183 674 432 741 μιατήρια
470 674 720 742 ἑξαπήχη,
756 674 1018 734 κισσίνοις
1059 660 1281 742 χρυσόῒς
1316 674 1480 723 κλωσὶ
1520 672 1683 723 διακε-

182 758 507 820 κοσμημένα,
545 757 782 821 ζῳωτοὺς
816 757 1135 806 ἐνδεδυκυῖαι
1165 759 1413 822 χιτῶνας·
1461 755 1593 820 μετὰ
1630 755 1685 803 δὲ

153 839 374 897 ,ταύτας
411 838 579 888 εἷίπετο
629 837 807 902 βωμὸς
852 837 1135 904 ἑξάπηχυς·
1192 837 1587 904 ἐπηκολούθουν
1633 835 1683 884 δ’

185 919 322 987 αὐτῷ
369 920 549 979 παῖδες
593 920 651 970 ἓν
693 923 881 987 χιτῶσι
930 928 1226 985 πορφυροῖς
1270 918 1562 983 λιβανωτὸν
1596 919 1682 967 καὶ

185 1002 427 1067 σμύρναν
462 1002 537 1052 ἔτι
576 1002 629 1051 δὲ
659 1002 853 1067 ’κρόκον
885 1003 970 1052 ἐπὶ
1001 1005 1221 1069 χρυσῶν
1245 1001 1562 1065 μαζονόμων
1597 1002 1692 1065 φέ-’

185 1103 361 1149 ροντες
395 1084 581 1137 ἑκατὸν
613 1084 809 1135 εἴκοσι·
857 1089 975 1151 μεθ’
1023 1082 1113 1144 οὓς
1165 1084 1384 1149 σάτυροι
1428 1084 1683 1150 τεσσαρά-

184 1185 366 1216 κοντα·
413 1167 601 1231 ε”φερον
650 1167 706 1226 δὲ
749 1170 831 1217 καὶ
879 1157 1025 1217 οῦτοι
1063 1170 1325 1232 στέφανον
1355 1171 1593 1235 χρυσοῦν
1625 1167 1683 1225 ἕξ

182 1246 414 1315 ἀμπέλου
462 1252 545 1299 καὶ
593 1253 784 1300 κισσοῦ
831 1252 1192 1316 εἰργασμένον.
1261 1254 1378 1316 μεθ’
1428 1246 1521 1309 οῦς
1558 1267 1681 1300 σει-

182 1332 255 1397 λη
273 1334 376 1381 νοὶ
411 1332 484 1380 δύ
503 1351 529 1380 ο
556 1334 613 1381 ἕν
637 1341 937 1396 πορφυραῖς
957 1334 1191 1399 χλαμύσι
1218 1335 1302 1381 καὶ
1328 1340 1546 1398 κρηπῖσι
1572 1334 1681 1380 λευ-

181 1420 323 1471 καῖς·
375 1408 475 1480 εἶχε
524 1415 569 1462 δ’
606 1413 777 1464 αῦτῶν
812 1411 841 1462 ὃ
875 1416 970 1478 μὲν
1002 1415 1237 1463 πέτασον
1285 1417 1368 1463 καὶ
1404 1417 1677 1480 κηρύκειον

182 1498 438 1562 χρυσοῦν,
476 1492 505 1543 ὃ
538 1495 590 1543 δὲ
614 1495 904 1560 σάλπιγγα.
952 1496 1115 1559 μέσος
1146 1495 1198 1543 δὲ
1223 1496 1423 1545 τούτων
1447 1494 1681 1558 ἐβάδιζεν

181 1576 312 1644 ἀνὴρ
360 1576 574 1642 μείζων·
596 1577 919 1645 τετράπηχυς
963 1578 1020 1626 ἕν
1068 1580 1288 1645 τραγικῇ
1336 1578 1563 1628 διαθέσει
1596 1581 1680 1628 καὶ

179 1661 470 1728 προσώπω,
535 1663 709 1727 φέρων
759 1664 1001 1729 χρυσοῦν
1039 1659 1343 1727 Αιιαλθείας
1387 1664 1558 1726 κέρας,
1622 1656 1680 1721 ος

178 1744 595 1809 προσηγορεύετο
641 1744 900 1816 ἐνιαυτός
964 1764 1001 1792 ω
1051 1763 1179 1810 γυνη
1237 1745 1677 1810 περικαλλεστάτη

177 1827 305 1875 κατὰ
340 1825 398 1875 τὸ
431 1828 650 1891 μέγεθος
684 1825 850 1876 είπετο
876 1827 1054 1876 πολλῶ
1082 1828 1261 1894 χρυσῶ
1289 1828 1372 1875 καὶ
1412 1825 1682 1890 διαπρεπεῖ

176 1909 555 1973 κεκοσμημένη,
593 1909 828 1971 φέρουσα
863 1910 931 1974 τῇ
964 1909 1059 1972 μὲν
1084 1910 1177 1973 μιᾷ
1204 1910 1310 1956 τῶν
1338 1911 1528 1973 χειρῶν
1566 1910 1676 1957 στέ-

177 2008 346 2055 φανον
381 1990 635 2055 περσαίας
667 1992 731 2056 τῇ
765 1990 814 2040 δ’
849 1990 997 2057 ἑτέρᾳ
1037 1989 1229 2055 ὁάβδον
1268 1989 1518 2054 φοίνικος.
1565 1991 1679 2040 ἕκα-

175 2073 309 2122 λεῖτο
337 2073 390 2122 δὲ
416 2069 545 2140 αὕτη
566 2074 766 2122 4πεντε
779 2093 852 2142 τη
869 2094 898 2139 ρ
916 2075 995 2133 ίς·
1036 2073 1195 2141 ταύτῃ
1223 2072 1271 2122 δ’
1284 2073 1679 2140 ἐπηκολούθουν

176 2142 340 2220 ῶραι
388 2157 724 2218 τέσσαρες
772 2155 1199 2218 διεσκευασμέναι
1234 2158 1319 2205 καὶ
1354 2156 1553 2222 ἑκάστη
1591 2157 1678 2219 φέ-

177 2254 344 2302 ρουσα
370 2237 492 2297 τούς
516 2237 681 2296 ἰδίους
706 2237 964 2301 καρπούς·
1002 2237 1221 2304 ἐχόμενα
1255 2237 1462 2287 τούτων
1489 2241 1678 2303 θυμια-

121 2363 126 2367 .
173 2320 323 2386 τὴρια
356 2319 450 2368 δύο
487 2321 571 2367 καὶ
608 2318 794 2383 βωμός.
844 2321 928 2367 καὶ
966 2319 1124 2368 πάλιν
1162 2320 1451 2383 σάτυροι
1491 2319 1678 2382 στεφά-

174 2422 298 2462 νους
344 2402 547 2470 ἔχοντες
582 2402 855 2462 κισσίνους
883 2405 1143 2470 χρυσοῦς·
1180 2402 1369 2468 ἔφερον
1402 2402 1451 2451 δ’
1489 2402 1544 2452 οἳ
1575 2403 1672 2467 μὲν

101 2472 106 2475 ⁶
174 2485 420 2553 οἰνοχόην
448 2488 675 2553 χρυσῆν,
714 2486 769 2535 οἷ’
801 2486 855 2535 δὲ
889 2486 1201 2553 καρχήσιον·
1253 2489 1371 2552 μεθ’
1421 2484 1514 2545 οῧς
1559 2486 1676 2535 ἕπο-

174 2568 346 2634 ρεύετο
385 2568 715 2628 Φιλίσκος
760 2568 788 2618 ὅ
822 2569 1116 2636 ποιητὴς
1154 2569 1384 2633 ἱερεύς
1420 2565 1506 2619 ῶν
1541 2571 1677 2618 Διο-

140 2698 144 2701 Δ
172 2651 394 2701 νύσου
430 2652 514 2700 καὶ
548 2652 740 2710 πάντες
773 2652 831 2700 οἵ
864 2653 982 2716 περὶ
1019 2651 1112 2702 τὸν
1139 2651 1400 2702 Διόνυσον
1435 2659 1674 2718 τεχνῖται.

171 2733 648 2801 τούτων-δ’ἕφεξῆς
681 2734 934 2799 ἐφέροντο
970 2734 1203 2799 δελφικοὶ
1238 2733 1498 2799 τρίποδες,
1538 2725 1676 2784 ἆθλα

171 2826 284 2877 τοῖς
331 2821 436 2868 τῶν
487 2816 732 2884 ἀθλητῶν
774 2825 1047 2885 χορηγοῖς·
1077 2817 1208 2881 ’μετὰ
1247 2817 1464 2875 τούτους
1501 2817 1673 2882 τετρά-
