1844 3140
785 206 1082 249 -11-

190 327 357 391 ἴριδος
390 330 472 376 καὶ
508 331 616 377 τῶν
660 329 858 377 λοιπῶν
906 325 1199 391 άρωιιάτων
1235 327 1528 405 διακοσιας
1547 326 1685 427 αέχό-

185 429 332 474 μενοι
368 411 565 460 τούτων
602 402 737 477 ησαν
772 411 1023 469 Αἰθίοπες
1058 410 1378 474 δωροφόροι,
1416 407 1489 459 ὧν
1515 429 1562 458 οι
1590 410 1685 473 μὲν

187 491 374 557 ἔφερον
402 492 623 553 ὀδόντας
647 493 971 553 ἑξακοσίους,
997 493 1158 558 ἕτεροι
1184 493 1409 557 δ’ἐβένου
1434 489 1684 556 κορμοὺς,

188 574 336 623 ἄλλοι
378 579 614 641 χρυσοῦς
663 578 747 623 καὶ
794 574 1058 641 ἀργυροῦς
1104 579 1389 641 κρατῆρας·
1438 578 1557 638 μεθ’
1595 569 1687 631 οὓς

185 656 522 722 ἐπόμπευσαν
538 660 752 724 κυνηγοὶ
775 657 867 707 δύο
883 657 1089 726 ἔχοντες
1107 657 1324 723 σιβύνας
1335 656 1656 724 ἐπιχρύσους
1673 674 1683 683 ·

188 739 377 804 ἤγοντο
420 740 479 788 δὲ
528 743 609 788 καὶ
661 741 810 798 κύνες
856 741 1100 806 δισχίλιοι
1149 741 1468 804 τερακόσιοι,
1507 738 1563 786 οἳ
1590 740 1685 800 μὲν

189 821 342 879 ἵνδοὶ,
393 822 449 870 οἵ
485 823 655 870 λοιποὶ
706 821 759 870 δὲ
774 812 776 814 ’
792 821 1005 886 ὖρκανοὶ
1041 824 1124 870 καὶ
1159 823 1425 886 μολοσσοὶ
1461 822 1546 870 καὶ
1582 819 1685 869 ⁶⁶25-

189 922 294 968 ρων
320 905 496 969 γενῶν.
545 898 634 952 εἶτ’
680 904 929 969 ἐφέροντο
963 905 1020 955 ἐν
1057 903 1280 971 ἀγγείοις
1315 906 1562 967 ψιττακοὶ
1599 907 1683 954 καὶ

174 989 290 1052 ,ταῴ
329 989 412 1034 καὶ
446 986 774 1051 μελεαγρίδες
800 989 883 1035 καὶ
912 990 1163 1050 φασιανοὶ
1192 988 1398 1050 ὄρνιθες
1424 990 1508 1036 καὶ
1535 987 1684 1036 ἄλλοι

187 1069 473 1118 αῗθιοπικοὶ
508 1068 696 1134 πλήθει
743 1068 942 1118 πολλοί.
1006 1071 1090 1117 καὶ
1121 1070 1356 1134 πρόβατα
1391 1069 1683 1128 αῗθιοπικὰ,

188 1150 394 1212 άράβια,
442 1150 666 1213 εὔβοϊκὰ,
721 1152 836 1214 βόες
888 1152 1097 1209 ἵνδικοὶ,
1148 1154 1456 1209 αῗθιοπικοὶ,
1493 1171 1685 1215 αρκτος

184 1233 277 1295 μὲν
318 1232 489 1298 λευκὴ,
536 1232 835 1296 παρδάλεις,
882 1233 1168 1299 πάνθηρες,
1207 1233 1410 1298 λυγκί,α
1444 1233 1682 1300 αρκηλοι,

186 1314 643 1414 καμηλοπάρδαλις
711 1313 823 1379 μία,
909 1313 1188 1379 ρινόκερως
1246 1315 1537 1374 αἰθιοπικὸς
1594 1316 1681 1375 εἵς.

185 1396 304 1461 ἑξῆς
337 1397 420 1444 ἐπὶ
456 1397 801 1459 τετρακύκλου
838 1397 949 1445 Διό
968 1413 1165 1454 νυσος
1210 1416 1330 1460 περ
1348 1399 1364 1445 ὶ
1414 1398 1483 1446 τὸ
1502 1418 1532 1448 ν
1564 1401 1684 1463 τῆς

178 1477 352 1537 Ῥεάς
377 1477 602 1542 βωμὸν
631 1477 1178 1543 καταπεφευγώς,
1207 1475 1314 1527 ὅτε
1339 1477 1685 1544 ὕπὸἽΙρας

185 1561 210 1608 ἐ
226 1560 284 1608 δι
302 1560 340 1607 ω’
358 1580 386 1607 κ
401 1579 422 1608 ε
438 1580 468 1609 τ
483 1581 529 1618 ο,
584 1562 847 1624 στέφανον
891 1559 1022 1628 ἔχων
1065 1565 1324 1627 χρυσοῦν,
1359 1560 1463 1625 Πρ
1481 1582 1496 1610 ι
1510 1562 1541 1610 ά
1555 1581 1594 1611 π
1610 1582 1637 1611 ο
1654 1582 1683 1610 υ

189 1664 219 1692 α
235 1642 263 1692 ῦ
280 1663 310 1692 τ
324 1646 361 1711 ᾧ
433 1663 470 1692 π
487 1664 517 1691 α
534 1663 562 1707 ρ
578 1662 599 1692 ε
617 1660 651 1693 σ
666 1663 695 1692 τ
708 1646 747 1692 ὦ
763 1663 792 1691 τ
805 1663 832 1692 ο
848 1663 875 1702 ς
940 1644 1373 1708 ἐστεφανωμένου
1439 1644 1682 1711 στεφάνῳ

182 1729 365 1792 χρυσῷ
400 1725 646 1791 κισσίνῳ·
682 1726 740 1773 τὸ
776 1726 829 1773 δὲ
863 1729 954 1792 τῆς
978 1724 1140 1788 ίἨρας
1166 1725 1375 1790 ἄγαλμα
1416 1717 1690 1791 στεφάνην

186 1802 286 1874 εἶχε
328 1809 547 1874 χρυσῆν.
563 1814 597 1873 ²)
669 1802 1118 1871 Αλεξάνδρου
1163 1807 1227 1855 δὲ
1277 1810 1386 1856 καὶ
1434 1807 1683 1857 Πτολε-

184 1891 388 1955 μαίου
447 1888 803 1954 ἀγάλματα
862 1890 1397 1954 ἐστεφανωμένα
1451 1890 1684 1954 στεφά-

188 1993 333 2032 νοις
371 1973 724 2033 κισσίνοις
757 1974 826 2023 ἐκ
861 1976 1136 2041 χρυσοῦ.
1207 1973 1279 2024 τὸ
1318 1973 1372 2022 δὲ
1407 1976 1499 2040 τῆς
1526 1971 1684 2039 'Ape-

189 2059 261 2122 τῆ
278 2076 305 2115 ς
329 2056 361 2104 ἄ
377 2075 407 2121 γ
423 2076 452 2105 α
469 2057 499 2104 λ
511 2076 549 2121 μ
565 2076 596 2104 α
624 2056 682 2105 τὸ
707 2057 969 2121 παρεστὸς
995 2060 1064 2123 τῷ
1079 2056 1391 2123 Πτολεμαίῳ
1422 2057 1684 2120 στέφανον

186 2135 321 2207 εἶχεν
362 2140 537 2199 ἐλαίας
575 2143 839 2208 χρυσοῦν·
905 2143 988 2189 καὶ
1019 2138 1124 2204 ‘HQ
1141 2159 1171 2189 α
1187 2159 1217 2188 κ
1231 2140 1262 2187 λ
1276 2142 1306 2205 ῆ
1322 2139 1397 2198 9²)
1457 2137 1686 2199 δἀῦτοῒς

284 2312 312 2362 ¹)
337 2313 509 2361 Constat,
548 2313 756 2352 Alexandri
789 2317 830 2351 et
860 2314 1069 2352 Ptolemaei
1104 2317 1255 2352 statuas
1288 2313 1380 2350 nihil
1414 2312 1609 2360 pertinere
1634 2313 1684 2350 ad

185 2374 352 2411 fabulam
378 2375 617 2411 antecedenti
641 2375 813 2420 plaustro
839 2375 1086 2421 propositam,
1113 2385 1191 2420 qua
1204 2374 1378 2410 Bacchus
1405 2373 1610 2410 exhibetur
1634 2375 1684 2410 ad

184 2435 313 2472 Rheae
338 2446 441 2472 aram
466 2434 702 2482 confugiens.
750 2434 876 2478 Quare
902 2437 989 2472 ante
1014 2433 1252 2483 Ἀλεξάνδρου
1278 2434 1469 2471 sententia
1493 2434 1684 2472 excidisse

186 2495 275 2531 mihi
300 2496 462 2541 videtur,
496 2507 573 2542 qua
605 2495 653 2532 ad
678 2496 880 2532 indicanda
904 2506 962 2541 ea,
991 2495 1090 2542 quae
1117 2498 1309 2542 secuntur,
1334 2495 1408 2531 hoc
1432 2494 1516 2532 fere
1540 2495 1683 2532 dietum

184 2559 289 2591 erat:
322 2556 411 2592 Iam
434 2556 549 2593 aliud
565 2557 796 2603 plaustrum
820 2557 1064 2602 sequebatur,
1090 2566 1168 2603 quo
1194 2556 1422 2593 Alemander
1440 2556 1685 2604 propositus

184 2617 269 2651 erat
291 2615 339 2651 de
361 2615 461 2651 Asia
484 2617 519 2651 et
544 2615 714 2652 Graecia
737 2615 1001 2663 triumphans.

281 2674 311 2721 2)
338 2674 458 2711 Codd.
493 2679 532 2711 et
564 2675 651 2712 edd.
688 2675 870 2712 exhibent
903 2678 984 2711 καὶ
1020 2679 1232 2724 Πρίαπος
1267 2666 1438 2716 δἀιῖτοΐξ
1472 2677 1684 2726 συμπαρῆν.

186 2734 286 2779 Quid
310 2746 402 2772 vero
426 2735 590 2782 Priapus
614 2735 688 2773 hoe
711 2736 796 2773 loeo
823 2735 907 2773 e'um
932 2735 1152 2773 Alexandro
1178 2739 1220 2773 et
1243 2736 1463 2774 Ptolemaeo
1488 2747 1685 2775 commune

185 2796 335 2842 habeat,
369 2796 551 2842 explicari
580 2806 744 2843 prorsus
773 2808 849 2833 non
880 2800 1030 2843 potest;
1067 2807 1194 2844 neque
1230 2798 1332 2834 enim
1355 2797 1681 2844 interpretatione,

185 2866 262 2903 qua
293 2856 483 2904 Priapum,
515 2856 724 2895 fertilitatis
755 2857 969 2905 imaginem,
1004 2868 1074 2895 suo
1099 2858 1183 2894 loeo
1208 2857 1377 2904 positum
1403 2867 1491 2895 esse
1517 2856 1685 2895 fortasse
