1844 3140
773 209 951 282 “.29
1012 234 1071 241 .-

295 335 444 379 Habes
475 337 634 380 deinde
664 342 851 391 antrum,
885 337 934 378 in
964 351 1045 393 quo
1074 335 1241 378 iuvenis
1266 334 1468 376 Bacchus
1491 331 1672 387 aNym·

167 413 278 471 pleis
324 412 535 455 educatur
582 409 755 469 (Athen.
804 410 848 453 II
892 424 934 465 p.
984 410 1041 453 38
1073 408 1115 453 d.
1159 408 1242 456 καὶ
1280 405 1377 472 γὰρ
1413 405 1671 456 Διονύσου

175 491 362 553 τροφοὶ
400 491 459 537 αἶ
484 489 684 552 νύμφαι
721 489 1012 552 λε’γονται);
1046 489 1298 532 Mercurius
1328 491 1472 530 autem
1488 499 1671 542 puerum

173 568 387 626 Nymphis
419 568 690 615 educandum
721 566 914 611 tradidit.

290 644 436 687 Haece
467 657 536 687 res
568 644 624 687 ab
657 643 735 698 eis,
766 656 878 697 quae
909 647 955 705 et
982 643 1028 684 in
1056 641 1413 685 antecedentibus
1430 645 1474 683 et
1490 653 1670 694 sequen-

170 718 286 762 tibus
316 718 522 775 plaustris
552 717 804 774 propositae
831 722 944 773 sunt,
976 716 1087 760 adeo
1114 716 1314 759 diversae
1338 729 1437 759 esse
1452 714 1670 769 videntur,

172 797 217 835 ut
249 806 417 836 omnem
448 806 635 849 pompae
667 805 878 835 conexum
910 792 1126 834 sublatum
1166 804 1263 834 esse
1302 790 1438 834 dicas.
1501 789 1668 832 Tamen

169 867 356 910 fortasse
386 866 576 922 aliquam
608 867 940 923 perpetuitatem
972 866 1239 921 investigare
1270 878 1515 922 possumus.
1577 865 1672 908 Iam

129 996 139 1007 ,
173 957 306 1000 supra
337 942 527 987 diximus
558 943 612 987 de
644 944 770 1002 Nysa
798 943 916 1000 urbe,
950 956 1079 997 quam
1111 941 1308 986 Bacchus
1340 941 1547 997 condidit,
1583 943 1672 985 sita

164 1034 308 1076 prope
350 1026 531 1062 montem
561 1019 745 1075 Merum,
787 1018 841 1061 de
882 1031 966 1072 quo
1000 1018 1157 1061 Strabo
1198 1018 1281 1060 XV
1322 1031 1365 1073 p.
1409 1018 1494 1060 687
1543 1017 1671 1059 dicit:

172 1092 312 1156 παρὰ
348 1093 618 1155 Σοφοκλεῖ
656 1092 709 1140 δὲ
745 1091 822 1150 τίς
855 1093 967 1141 ἔστι
1004 1090 1101 1157 τὴν
1137 1082 1671 1156 Νῦσαῦκαθυμνῶν,

174 1168 243 1229 ὥς
299 1169 354 1218 τὸ
401 1171 637 1237 Διονύσῳ
691 1171 1073 1234 καθιερωμένον
1120 1168 1245 1233 ὄρος
1281 1208 1536 1217 ......
1587 1171 1670 1218 καὶ

173 1247 233 1295 τὰ
292 1248 411 1314 ἑξῆς
457 1288 466 1296 .
504 1251 587 1297 καὶ
635 1249 1086 1314 μηροτραφὴς
1133 1249 1186 1296 δὲ
1235 1250 1445 1312 λέγεται.
1509 1249 1669 1294 Strabo

174 1326 320 1384 igitur,
362 1332 594 1384 postquam
639 1328 785 1385 paullo
832 1332 935 1371 ante
977 1328 1031 1371 de
1062 1328 1193 1383 ‚Nysa
1233 1327 1339 1371 urbe
1378 1327 1547 1371 locutus
1589 1330 1670 1382 est,

171 1417 431 1458 quamquam
496 1404 657 1457 montis
715 1403 900 1468 qudg
956 1404 1219 1448 mentionem
1279 1404 1472 1447 nondum
1545 1402 1663 1457 feeit,

176 1481 305 1524 dixit:
369 1482 452 1528 καὶ
501 1480 848 1545 μηροτραφὴς
899 1480 952 1528 δὲ
1002 1481 1218 1543 λέγεται,
1266 1494 1353 1535 qua
1390 1480 1434 1523 in
1467 1494 1514 1523 re
1556 1479 1672 1535 cogi-

173 1558 353 1601 tandum
401 1572 487 1601 non
531 1562 597 1602 est
636 1557 723 1601 nisi
765 1558 819 1602 de
850 1560 1027 1602 Baccho
1068 1560 1117 1601 in
1155 1566 1292 1602 monte
1333 1559 1457 1602 Mero
1495 1560 1671 1602 nutrito.

177 1634 363 1677 Extasse
395 1639 540 1678 autem
571 1634 618 1676 in
649 1635 723 1677 illo
755 1638 900 1677 monte
931 1642 1118 1690 antrum,
1167 1633 1212 1676 in
1254 1647 1338 1688 quo
1368 1633 1567 1677 Bacchus
1597 1647 1672 1676 nu-

173 1709 395 1765 triebatur,
427 1709 560 1753 tradit
591 1711 800 1765 Pompon.
832 1710 947 1753 Mela
977 1709 1032 1752 de
1066 1709 1151 1752 situ
1183 1709 1302 1769 orbis
1325 1710 1392 1752 ΙΠ
1419 1710 1459 1752 7.
1477 1709 1672 1765 Urbium,

174 1796 282 1837 quas
312 1784 524 1840 incolunt,
568 1786 690 1839 Nysa
729 1789 797 1827 est
838 1784 1082 1827 clarissima
1128 1788 1172 1826 et
1212 1784 1417 1839 maxima,
1460 1784 1673 1827 montium

173 1858 329 1916 Meros,
360 1859 460 1904 Jovi
493 1873 628 1904 sacer.
674 1860 855 1904 Famam
887 1859 989 1904 hinc
1015 1859 1296 1918 praecipuam
1318 1859 1494 1918 habent,
1526 1859 1572 1903 in
1598 1860 1674 1904 illa

175 1935 390 1991 genitum,
432 1935 477 1977 in
511 1937 641 1979 huius
671 1953 802 1994 specu
832 1938 1039 1980 Liberum
1066 1945 1240 1994 patrem
1270 1938 1547 1980 arbitrantur
1586 1953 1674 1982 esse

174 2012 413 2054 nutritum:
459 2010 574 2055 unde
606 2011 786 2055 Graecis
817 2012 1088 2069 auctoribus,
1131 2016 1177 2055 ut
1214 2011 1367 2056 femori
1404 2012 1529 2056 Jovis
1570 2012 1673 2056 insi·

173 2089 265 2128 tum
298 2086 503 2143 dicerent,
537 2093 611 2131 aut
640 2090 823 2132 materia
853 2089 1050 2145 ingessit,
1083 2095 1158 2133 aut
1189 2103 1319 2133 error.
1341 2115 1400 2120 —
1431 2090 1552 2133 Idem
1589 2094 1673 2133 tes—

173 2165 290 2204 tatur
328 2161 502 2207 Solinus
545 2177 640 2222 cap.
680 2165 757 2208 52:
814 2165 870 2208 Et
908 2166 1030 2221 Nysa
1072 2165 1176 2209 urbs
1217 2166 1385 2221 regioni
1425 2166 1501 2210 isti
1542 2165 1670 2224 (Pan-

173 2238 315 2293 daeis)
358 2239 499 2282 datur.
561 2241 688 2284 Mons
726 2242 858 2284 etiam
888 2242 989 2286 Jovi
1032 2256 1175 2299 sacer,
1217 2245 1363 2288 Meros
1400 2243 1672 2298 cognomine,

172 2311 217 2355 in
251 2316 376 2358 cuius
405 2331 537 2373 specu
568 2318 781 2360 nutritum
812 2318 1019 2362 Liberum
1042 2325 1219 2376 patrem
1249 2327 1406 2363 veteres
1422 2321 1529 2364 Indi
1559 2322 1673 2380 affir-

173 2396 305 2445 mant,
339 2402 394 2431 ex
428 2390 550 2433 cuius
581 2391 783 2434 vocabuli
815 2397 1070 2448 argumento
1101 2394 1347 2437 lascivienti
1377 2395 1544 2446 formae
1585 2411 1672 2441 cre-

173 2464 300 2521 ditur,
342 2465 548 2510 Liberum
586 2472 756 2524 patrem
797 2467 957 2513 femine
988 2474 1151 2514 natum.
1165 2469 1198 2528 ¹)
1245 2471 1339 2515 Iam
1371 2471 1563 2517 dubitari
1585 2487 1673 2518 non

173 2527 304 2596 p‘osse
336 2553 506 2597 consec,
539 2543 644 2596 quin
673 2541 910 2606 ἄντρον
933 2545 1052 2601 illud,
1084 2547 1201 2601 quod
1216 2547 1260 2589 in
1278 2553 1441 2605 pompa
1457 2550 1675 2593 Bacchica

271 2723 299 2769 ¹)
326 2721 436 2764 Quod
468 2724 516 2760 ad
548 2720 732 2773 originem
763 2727 916 2765 fabulae
949 2729 996 2765 de
1033 2729 1183 2766 Baccho
1214 2741 1239 2766 ·e
1272 2731 1376 2767 Iovis
1406 2731 1551 2770 femore
1583 2737 1672 2769 nato

171 2785 348 2833 pertinet,
379 2786 477 2822 Mela
510 2790 550 2823 et
573 2786 725 2825 Solinus
763 2789 897 2825 eodem
922 2800 1049 2827 errore
1073 2790 1258 2838 laborant,
1284 2802 1366 2838 quo,
1387 2791 1570 2839 Curtium,
1594 2793 1668 2829 Pli-

173 2848 286 2895 nium,
311 2847 407 2885 alios
431 2851 565 2894 captos
591 2860 680 2887 esse
705 2861 822 2896 supra
846 2852 1063 2890 memoravi.
