1844 3140
778 155 1046 228 ‘'6.-

160 279 376 323 haeusero
414 277 598 335 nitatur,
646 277 822 335 dicem,
869 277 971 321 dum
1009 277 1126 322 vivis
1161 278 1419 335 parentibus
1457 292 1663 337 pompam

161 367 259 400 esse
281 354 541 412 institutam,
572 367 662 398 non
684 354 829 411 video,
861 353 940 398 sed
974 367 998 399 e
1031 353 1180 398 verbis
1215 352 1665 422 ἐστεφανώθησαν

164 431 210 480 δ’
240 432 298 481 ἓν
321 434 393 498 τῷ
421 430 586 497 ἀγῶνι
614 433 699 480 καὶ
735 431 1016 494 στεφάνοις
1035 438 1268 497 χρυσοῖς
1293 431 1488 483 εἴκοσι·
1521 434 1665 483 Πτο-

163 512 375 574 λεμαῖος
400 510 454 559 δὲ
480 508 506 560 ὃ
532 513 740 575 πρῶτος
776 511 860 558 καὶ
889 503 1131 575 Βερενῖκη
1171 509 1340 561 εἴκοσι
1376 513 1550 577 τρισὶν
1584 512 1664 577 ἐφ’

163 588 411 653 ἁρμάτων
452 592 703 656 χρυσῶν,
753 590 837 637 καὶ
885 591 1150 653 τεμένεσιν
1189 590 1506 657 ἕν’Δωδωνῃ
1543 591 1663 650 (pag.

161 669 250 713 203
273 668 319 728 a)
358 668 664 725 conligendum
697 681 795 713 esse
837 681 1014 726 censeo,
1056 663 1262 726 parentes
1300 669 1388 715 iam
1427 683 1526 715 esse
1555 684 1665 715 mor-

161 751 285 801 tuos3
325 758 467 799 neque
506 745 621 788 enim
655 749 782 801 puto,
822 744 1157 801 Philadelphum
1196 760 1249 789 eo
1287 746 1576 803 processisse,
1618 751 1666 790 ut
1702 788 1704 792 ,

160 819 416 877 parentibus
448 819 591 863 adhuc
623 819 932 876 superstitibus
962 820 1172 877 templum
1188 821 1401 865 Dodonae
1419 820 1665 878 dedicaret3

160 898 293 940 immo
323 897 413 940 iam
444 899 569 939 erant
598 895 757 938 mortui
791 899 834 938 et
863 908 1047 938 numero
1077 896 1256 939 deorum
1286 896 1480 952 ascripti.
1539 895 1666 947 Quod

159 986 264 1017 vero
306 972 364 1016 ad
401 983 585 1015 coronas
627 974 816 1027 spectat,
865 970 1023 1026 quibus
1061 971 1160 1016 illos
1201 972 1247 1015 in
1278 970 1457 1015 ludicris
1489 975 1665 1015 ornatos

160 1062 260 1093 esse
293 1048 545 1093 Callixenus
576 1051 748 1104 narrat,
781 1047 911 1102 signa
942 1061 1091 1091 eorum
1123 1052 1331 1092 coronata
1362 1060 1459 1091 esse
1492 1060 1662 1104 censeo,

161 1139 425 1181 quamquam
447 1124 524 1168 illa
547 1123 785 1169 certamina
805 1124 1022 1179 quomodo
1048 1124 1201 1169 habita
1232 1124 1403 1182 fuerint,
1435 1138 1522 1169 non
1555 1124 1664 1169 satis

161 1205 347 1245 constat.
1083 1258 1085 1261 Ι

279 1276 420 1331 Igitur
463 1276 567 1331 quia
607 1275 919 1332 Philadelphus
961 1289 1076 1319 anno
1119 1276 1208 1320 285
1249 1289 1429 1332 regnum
1473 1276 1666 1333 suscepit

161 1354 396 1409 (Droysen,
430 1350 691 1395 Geschichte
723 1350 801 1394 des
832 1347 1141 1408 Hellenism'us,
1172 1352 1206 1395 Ι.
1238 1366 1340 1408 pag.
1373 1350 1493 1409 631),
1525 1351 1665 1394 Ptole*

158 1439 311 1470 maeus
343 1430 489 1470 autem
522 1426 650 1470 Soter
681 1439 796 1469 anno
828 1426 915 1468 283
946 1431 1142 1469 mortuus
1170 1431 1249 1482 est,
1280 1426 1395 1470 hunc
1418 1441 1505 1469 non
1528 1427 1662 1470 multo

158 1506 260 1560 post
297 1501 344 1544 in
385 1500 491 1545 deos
533 1501 840 1558 transcriptum
885 1500 1011 1555 eique
1049 1500 1237 1545 honores
1277 1500 1451 1544 divinos
1489 1501 1663 1545 habitos

157 1578 296 1622 fuisse
336 1577 574 1621 verisimile
612 1581 691 1621 est.
763 1576 887 1628 Quae
927 1576 966 1620 si
1014 1581 1131 1621 recte
1169 1576 1404 1634 explicavi,
1452 1577 1665 1621 Berenica

160 1654 313 1700 eodem
342 1652 434 1699 fere
467 1659 682 1711 tempore,
715 1667 800 1710 quo
833 1653 959 1698 Soter
990 1653 1105 1698 diem
1129 1667 1376 1711 supremum
1401 1654 1529 1711 obiit3
1562 1668 1664 1698 nam

160 1733 314 1777 eadem
345 1731 536 1787 ratione,
579 1743 667 1785 qua
697 1730 901 1787 maritus,
942 1731 989 1773 in
1019 1731 1097 1774 illa
1126 1744 1289 1787 pompa
1320 1730 1473 1775 divino
1500 1731 1665 1776 honore

159 1809 276 1853 culta
307 1814 387 1852 est.

278 1901 538 1955 Priusquam
570 1900 629 1943 ad
660 1900 964 1956 explicandam
1003 1913 1208 1956 pompam
1240 1900 1559 1955 transgrediar,
1602 1900 1665 1943 ita

162 1977 324 2036 optime
358 1990 491 2033 agere
521 1975 632 2020 mihi
670 1975 840 2033 videor,
883 1980 931 2019 ut
960 1975 1174 2020 Athenaei
1205 1975 1540 2033 descriptionem
1570 1988 1666 2032 pro-

157 2068 339 2111 ponam,
383 2066 459 2108 ea,
507 2065 620 2107 quae
663 2051 811 2106 exigui
849 2051 1056 2094 momenti
1089 2056 1210 2107 sunt,
1256 2051 1328 2095 vel
1359 2051 1571 2095 omittens
1595 2052 1665 2096 vel

157 2130 314 2188 paucis
346 2128 654 2186 complectens.

292 2220 493 2286 Πρώτη
523 2219 569 2268 δ’
594 2218 825 2283 ἐβάδιζεν
855 2217 910 2284 (ἦ
935 2219 1140 2284 πομπή)
1159 2219 1465 2282 ἑωσφόρον·
1503 2209 1665 2288 ἔπει-θ’

160 2306 188 2373 ἢ
227 2313 336 2364 τοῖς
361 2307 466 2354 τῶν
492 2303 751 2367 βασιλέων
786 2304 996 2366 γονεῦσι
1025 2302 1496 2364 κατωνομασμένηο
1533 2302 1662 2364 μετὰ

159 2390 213 2439 δὲ
258 2388 454 2447 ταύτας
501 2386 561 2435 αἵ
596 2387 701 2435 τῶν
736 2387 873 2433 θεῶν
908 2382 1174 2442 ἁπάντων,
1225 2382 1419 2433 οῗκειάν
1451 2381 1666 2451 ἔχουσαι

157 2475 253 2538 τῆς
286 2472 403 2535 περὶ
438 2470 678 2518 ἑκάστων
713 2466 887 2517 αὗτῶν
929 2465 1171 2530 ἱστορίας
1207 2465 1499 2532 διασκευήν.
1570 2465 1666 2532 τὴν

160 2555 213 2604 δὲ
245 2554 542 2604 τελευταίαν
574 2552 803 2615 ἔσπέρου
858 2551 1157 2614 συνέβαινεν
1192 2542 1345 2607 εἶναι,
1394 2551 1489 2615 τῆς
1527 2547 1666 2612 ὥρας

159 2639 234 2695 εἷς
269 2638 422 2685 τοῦτο
462 2634 798 2701 συναγούσης
828 2634 926 2684 τὸν
955 2634 1153 2697 καιρόν.
1203 2636 1295 2699 τῆς
1321 2632 1375 2681 δὲ
1402 2631 1666 2681 διονυσια-

157 2724 248 2787 κῆς
297 2721 508 2785 πομπῆς
554 2721 752 2784 πρῶτοι
797 2719 892 2784 μὲν
936 2718 1208 2785 προῄεσαν
1258 2717 1315 2765 οἵ
1362 2715 1459 2765 τὸν
1509 2712 1666 2780 ὄχλον

158 2802 483 2869 ἀνείργοντες
512 2803 739 2868 σειληνοὶ
766 2804 1046 2867 πορφυρᾶς
1066 2800 1358 2868 χλαμύδας,
1397 2797 1453 2850 ο-’ΐ
1473 2796 1527 2847 δὲ
1554 2814 1666 2861 φοι-
