1844 3140
763 188 1062 235 -15-,-

162 312 273 361 haec
313 329 383 360 res
421 316 478 361 ad
518 315 802 374 posteriorem
850 314 1160 373 disputationis
1202 328 1327 359 meae
1366 318 1534 372 partem
1573 327 1663 358 non

162 392 289 451 parvi
320 392 527 437 momenti
558 395 637 436 est.

281 497 530 542 Alexandro
560 497 746 554 primum
777 497 1001 554 incipienti
1035 497 1357 554 expeditionem
1387 496 1585 540 Indicam
1615 496 1663 540 in

164 579 350 620 mentem
388 573 562 618 venisse
587 573 660 624 ‚de
701 572 933 617 itineribus
973 572 1187 630 cogitare,
1235 585 1348 629 quae
1386 571 1585 616 Bacchus
1616 571 1662 616 in

165 651 331 694 eisdem
362 651 512 706 terris,
551 650 708 704 quibus
738 649 835 705 ipse
865 650 1026 692 bellum
1056 649 1270 692 inlaturus
1302 653 1418 704 erat,
1461 662 1663 705 suscepe-

164 724 243 783 rit,
291 730 334 770 et
379 725 465 782 eis,
512 723 624 780 (juae
672 737 805 781 supra
851 723 1096 781 disputavi,
1144 728 1187 768 et
1233 723 1541 781 scriptoribus,
1588 723 1663 780 qui

165 802 403 845 Alexandri
449 814 519 843 res
566 800 611 842 in
662 800 778 846 Asia,
824 804 972 854 gestas
1017 799 1311 855 tradiderunt,
1368 800 1660 855 redarguitur.

164 878 257 922 Iam
297 891 429 934 supra
466 875 637 933 monui,
682 874 917 919 secundum
955 872 1169 939 fabulam,
1217 874 1388 930 qualem
1429 874 1663 933 Euripides

165 958 337 1010 narrat,
385 952 601 997 Bacchum
642 952 965 1009 expeditionem
1008 965 1131 995 suam
1172 965 1306 1006 usque
1348 952 1406 995 ad
1444 953 1663 996 Bactriam

164 1029 418 1087 protulisse,
462 1028 585 1072 cuius
617 1027 791 1083 quidem
822 1027 905 1084 rei,
937 1031 1170 1082 antequam
1202 1026 1450 1071 Alexander
1481 1027 1527 1071 in
1559 1041 1660 1071 ean-

165 1105 262 1149 dem
303 1102 521 1147 Bactriam
562 1103 780 1160 pervenit,
823 1104 986 1146 mentio
1024 1102 1142 1146 facta
1179 1117 1266 1146 non
1305 1108 1384 1147 est.
1447 1105 1557 1146 Tum
1590 1103 1662 1146 de-

165 1195 294 1239 mum,
328 1194 424 1224 eum
455 1179 500 1223 in
539 1179 648 1223 fines
681 1178 947 1222 Guraeorum
978 1178 1300 1236 ingrederetur,
1332 1182 1490 1223 natura
1520 1183 1663 1223 terrae

165 1258 488 1310 incolarumque
518 1255 712 1298 moribus
744 1254 958 1298 adductus
989 1259 1073 1310 est,
1106 1259 1154 1297 ut
1185 1255 1369 1310 Bacchi,
1402 1268 1529 1309 quem
1561 1268 1663 1298 eun—

165 1332 263 1375 dem
294 1332 444 1374 Asiam
475 1343 736 1387 peragrasse
768 1330 958 1386 sciebat,
990 1318 1349 1373 reminisceretur.

239 1492 241 1494 Ι
284 1440 349 1481 Ae
386 1438 571 1494 primum
614 1437 788 1492 quidem
825 1442 1016 1481 montem
1054 1438 1187 1494 vidit,
1227 1439 1273 1481 in
1304 1452 1390 1493 quo
1429 1440 1565 1482 multa
1598 1442 1663 1483 he-

165 1516 273 1558 dera
315 1515 499 1572 vitisque
544 1515 769 1572 gignitur,
817 1513 976 1556 multae
1015 1529 1228 1572 perennes
1274 1529 1415 1573 aquae
1457 1523 1638 1558 manant
1648 1531 1666 1571 ,·

166 1593 288 1635 lauri
320 1592 555 1649 baecaeque
587 1598 625 1633 et
655 1591 791 1633 multa
823 1592 872 1633 in
903 1591 998 1634 illis
1029 1592 1217 1649 ‘rupibus
1240 1594 1430 1650 ayn-estis
1454 1598 1515 1635 est
1535 1592 1662 1636 silva.

169 1668 309 1712 Credo
352 1669 572 1725 equidem,
622 1683 708 1710 non
756 1668 908 1710 divino
950 1669 1180 1723 instinctu,
1228 1669 1304 1710 sed
1345 1669 1535 1711 lascivia
1577 1684 1664 1713 esse

158 1745 399 1801 profectos,
447 1750 494 1785 ut
526 1744 701 1800 passim
745 1743 926 1785 hederae
957 1759 1010 1785 ac
1041 1737 1203 1786 ‘vitium'
1217 1744 1344 1800 folia
1377 1744 1663 1802 decerperent,

113 1838 115 1840 ·
164 1820 442 1877 ‘redimitique
473 1819 627 1877 fronte
657 1824 741 1862 toto
773 1811 939 1862 nemore
971 1819 1137 1862 similes
1168 1819 1496 1863 Bacchantihus
1528 1834 1661 1877 vaya-

164 1902 327 1938 rentur.
376 1894 512 1951 (Ourt.
544 1894 663 1937 VIII.
699 1894 767 1949 10,
804 1893 858 1936 13
891 1906 955 1948 sq.
988 1892 1041 1937 cf.
1074 1894 1244 1938 Arrian.
1277 1894 1418 1939 Anab.
1452 1896 1503 1940 V.
1531 1896 1572 1953 2,
1602 1896 1663 1950 6).

164 1969 452 2013 Accesserant
481 1968 660 2026 propria
689 1968 926 2011 incolarum
958 1969 1178 2026 instituta,
1209 1982 1321 2025 quae
1353 1970 1545 2014 Graecos
1576 1984 1663 2014 non

163 2051 365 2105 poterant
394 2060 480 2089 non
513 2059 785 2090 commonere
816 2046 926 2089 ritus
957 2046 1208 2090 Bacchicos.
1272 2046 1347 2091 Sic
1378 2046 1536 2091 Strabo
1567 2062 1664 2091 nar-

156 2126 233 2170 rat
261 2122 357 2166 XV.
388 2136 490 2178 pag.
524 2121 624 2164 687.
689 2119 947 2169 Διονύσου
997 2118 1343 2185 δ’ἄπογόνους
1392 2120 1516 2180 τούς
1559 2122 1664 2170 Συ-

167 2197 381 2261 δριάκας
417 2194 518 2245 ἀπὸ
555 2200 649 2263 τῆς
686 2196 918 2261 ἅμπέλου
952 2200 1043 2263 τῆς
1077 2199 1198 2262 παρ’
1232 2197 1408 2257 αὕτοῖς
1442 2200 1525 2247 καὶ
1559 2202 1664 2249 τῶν

164 2276 464 2325 πολυτελῶν
509 2274 735 2334 ἐξόδων,
796 2278 1049 2343 βακχικοῖς
1097 2275 1190 2335 τὰς
1233 2276 1288 2325 δὲ
1333 2277 1665 2340 ἐκστρατείας

164 2356 490 2419 ποιουμένων
539 2357 648 2404 τῶν
697 2355 957 2418 βασιλέων
994 2349 1088 2402 ’καὶ
1125 2354 1220 2413 τὰς
1254 2354 1417 2413 ἄλλας
1449 2354 1665 2413 ἐξόδους

164 2604 219 2641 sic
242 2606 411 2639 enarrat:
449 2603 632 2640 Bacchus
659 2605 705 2641 in
741 2604 922 2653 Phryyia
956 2607 991 2641 et
1026 2605 1160 2652 Isydia
1189 2606 1375 2642 educatus
1411 2608 1490 2653 eeu,-
1521 2609 1664 2654 postea

162 2664 228 2702 vir
260 2666 396 2714 factus
426 2663 628 2712 Persiam,
653 2665 882 2712 Bactriam,
906 2666 1104 2712 Mediam,
1137 2666 1349 2713 Arabiam,
1376 2666 1538 2704 Ioniam
1560 2668 1663 2705 bello

162 2725 323 2773 subeqit.
372 2725 663 2762 Recenfioribus
695 2725 777 2762 sine
803 2726 919 2762 dubio
945 2725 1099 2772 fabulis,
1126 2727 1259 2773 quales
1285 2727 1333 2764 de
1358 2727 1511 2764 Baccho
1532 2728 1664 2764 Indico

162 2782 274 2821 ficta-e
294 2787 394 2831 sunt,
418 2784 629 2830 perductus
645 2787 719 2833 est,
742 2789 788 2822 ut
803 2786 918 2822 etiam
932 2786 997 2822 illa
1019 2786 1140 2823 verba
1155 2786 1203 2823 de
1223 2785 1346 2833 beltis,
1370 2797 1472 2833 quae
1490 2787 1663 2825 Bacchus

162 2843 201 2880 in
228 2844 324 2882 Asia
347 2843 550 2892 gessisset,
575 2844 678 2882 dicta
701 2856 789 2883 esse
813 2848 979 2892 putaret.
