1844 3140
784 232 1081 277 „30—

179 355 429 414 ducebatur,
461 358 522 401 sit
551 373 717 416 specus,
761 355 816 400 de
858 368 945 412 qua
981 355 1249 413 Pomponius
1290 360 1335 401 et
1374 357 1549 404 Solinus
1589 371 1685 401 nar-

177 436 296 489 rant,
348 440 396 476 ut
439 435 701 491 propositus
749 434 808 477 sit
848 434 1062 490 „Bacchus
1106 434 1155 476 in
1203 439 1330 476 antro
1372 436 1530 478 montis
1569 433 1686 477 Mem·

179 524 207 551 a
238 510 446 567 ‘nymphia
480 511 700 554 educatus.

296 620 441 672 Igitur
481 620 699 661 thalamus
740 620 819 661 ille
860 620 1057 662 Semelae
1089 619 1346 676 (secundum
1381 619 1523 662 Melae
1554 620 1684 663 verba

175 696 226 737 in
271 694 355 737 illa
394 693 536 753 [Nysa
574 693 694 752 urbe]
734 696 929 752 qenitum
970 710 1056 738 esse
1097 694 1342 751 Bacchum)
1380 696 1564 748 Nysam,
1613 710 1682 738 an-

63 793 71 800 ·
97 811 99 813 ,
174 775 293 813 trum
323 775 467 813 autem
497 772 543 812 in
574 775 760 813 montem
790 772 957 813 Merum
988 774 1058 813 est
1087 772 1468 824 transponendum,
1500 774 1551 813 ut
1578 773 1683 814 Bac-

176 847 300 897 chus,
333 848 484 888 Indiae
522 848 734 897 dominus,
773 848 818 887 in
849 847 993 899 India,
1041 852 1086 889 et
1125 849 1171 888 in
1208 849 1319 889 urbe
1358 848 1530 900 quidem
1560 849 1683 898 Nysa

176 925 321 972 natuS,
353 923 398 963 in
430 926 575 964 monte
606 923 729 964 Mero
761 923 971 964 educatus
1004 924 1270 974 cogitatione
1302 924 1362 964 sit
1391 923 1617 964 tenendus.

298 1027 450 1071 Omnis
481 1026 614 1082 igitur
656 1027 873 1083 sententia
915 1018 998 1072 hac
1035 1028 1181 1086 priore
1217 1042 1405 1086 pompae
1444 1032 1569 1085 parte
1610 1041 1680 1071 ex-

175 1118 344 1161 pressa,
376 1104 485 1148 haec
516 1108 605 1148 cst:
636 1105 852 1161 Bacchus,
886 1106 1046 1148 Indiae
1079 1107 1301 1161 dominus,
1342 1112 1468 1148 natus
1500 1112 1560 1148 est
1589 1104 1680 1162 Ny-

176 1197 265 1238 sae,
301 1183 348 1225 in
378 1181 484 1224 urbe
501 1181 673 1238 Indiae,
708 1183 900 1225 nutritus
934 1183 981 1224 ἰπ
1012 1189 1150 1226 monte
1180 1182 1304 1225 Mero
1328 1196 1471 1240 prope
1502 1182 1598 1225 sito.

295 1289 351 1331 Et
383 1288 581 1332 Bacchus
613 1289 787 1344 quidem
818 1290 937 1332 velut
962 1297 1154 1347 pacatus
1197 1289 1450 1345 celebratur,
1492 1288 1566 1343 qui
1591 1287 1679 1331 >ho-

173 1363 314 1408 mines
347 1364 506 1421 omnia,
551 1378 662 1420 (11166
694 1364 751 1408 6(1
782 1365 932 1408 vinum
970 1364 1239 1419 fructumque
1281 1364 1508 1407 colendum
1547 1363 1677 1419 perti-

174 1443 291 1495 nent,
325 1439 501 1495 docens,
533 1439 657 1495 pacis
689 1440 814 1494 quasi
845 1439 1144 1482 instrumentis
1170 1427 1339 1482 Indiam
1374 1439 1457 1482 sibi
1491 1439 1675 1494 subegit.

178 1541 234 1546 —
266 1516 320 1559 In
351 1516 492 1559 altera
523 1530 622 1560 vero
647 1523 780 1574 parte
811 1516 1057 1560 videbimus
1082 1516 1306 1558 Bacchum
1338 1516 1678 1573 triumpha-ntem

176 1607 273 1634 cum
319 1594 510 1635 eoeercitu
556 1594 729 1648 victore,
778 1591 989 1648 captivos,
1049 1590 1190 1647 spolia
1244 1604 1389 1634 secum
1437 1590 1676 1647 ducentem,

174 1671 404 1724 postquam
437 1666 551 1710 bello
583 1667 754 1710 Indiam
795 1666 973 1710 domuit.
1037 1667 1245 1721 Quaeque
1286 1680 1356 1710 res
1394 1679 1522 1721 quam
1559 1670 1677 1710 arcte

174 1755 272 1784 cum
304 1741 381 1798 eis,
430 1755 542 1796 (11166
582 1741 856 1797 antecedunt,
905 1741 1147 1797 cohaereat,
1200 1741 1326 1784 docet
1355 1740 1575 1784 Diodorus
1611 1742 1678 1784 III

173 1817 304 1874 64,ss
339 1817 566 1865 ἐνταῦθα
605 1817 685 1879 (ἕν
707 1816 887 1882 Νύσᾳ)
915 1815 1075 1864 αὕτὸν
1102 1816 1380 1881 γενόμενον
1404 1819 1475 1883 τῷ
1502 1817 1675 1865 κάλλει

172 1894 430 1957 διάφορον
465 1893 523 1942 τὸ
558 1895 652 1957 μὲν
695 1895 997 1957 πρῶτονιὲν
1029 1894 1255 1960 χορείαις
1292 1896 1384 1942 καὶ·
1413 1898 1675 1960 γυναικῶν

171 1971 382 2030 θιάσοις
418 1972 500 2019 καὶ
535 1971 849 2039 παντοδαπῇ
886 1974 1057 2039 τρυφῇ
1091 1974 1172 2021 καὶ
1209 1972 1387 2039 παιδιᾷ
1407 1973 1674 2031 διατελεῖν,

169 2049 298 2114 μετὰ
338 2050 391 2099 δὲ
427 2053 588 2110 ταῦτα
642 2050 997 2114 στρατόπεδον
1043 2051 1098 2099 ἕκ
1143 2054 1246 2101 τῶν
1284 2054 1542 2116 γυναικῶν
1590 2070 1676 2101 συ-

173 2129 469 2193 ναγαγόντα
527 2131 610 2176 καὶ
664 2129 889 2192 θύρσοις
957 2129 1350 2179 καθοπλίσαντα
1400 2131 1675 2192 στρατείαν

170 2206 255 2255 ἐπὶ
290 2209 471 2256 πᾶσαν
506 2207 831 2274 ποιήσασθαι
870 2207 966 2274 τὴν
1005 2209 1330 2274 οἵκουμένην.
1372 2207 1426 2251 cf.
1459 2208 1672 2264 Megasth.

168 2286 323 2342 fragm.
357 2288 379 2330 I
410 2288 470 2331 30
503 2287 651 2345 (Diod.
684 2288 729 2331 II
759 2288 849 2346 38).
1487 2285 1488 2288 ’

288 2396 339 2437 111
381 2408 467 2449 (1110
516 2394 690 2449 (1111(16111
737 2394 955 2451 triumpho
1002 2395 1187 2450 primum
1235 2395 1377 2437 locum
1418 2400 1536 2438 tenet
1576 2396 1672 2451 ipse

169 2471 396 2527 Bacchus,
440 2471 591 2514 sedens
632 2472 680 2513 i‘n
712 2471 958 2528 elephanto,
1002 2471 1199 2528 thyrsum
1229 2478 1413 2529 qestans.
1476 2471 1672 2515 Bacchus

171 2544 217 2588 in
249 2545 484 2602 elephanto
515 2545 680 2589 vehens
713 2545 795 2589 hac
835 2559 999 2602 pompa
1030 2545 1124 2588 sine
1157 2545 1289 2589 dubio
1319 2545 1503 2603 primum
1537 2546 1672 2591 oculis

169 2634 266 2665 sese
305 2622 516 2677 ostendit,
559 2636 670 2677 quae
712 2622 888 2677 quidem
930 2635 999 2665 res
1039 2635 1066 2664 a
1104 2622 1417 2666 recentioribus
1448 2623 1589 2678 poetis
1628 2628 1672 2666 et

167 2695 502 2758 mythographis
519 2697 640 2741 varie
660 2701 726 2741 est
743 2696 946 2754 exposita
968 2695 1041 2754 (cf.
1059 2695 1189 2740 Diod.
1206 2697 1273 2740 III
1289 2697 1358 2741 65.
1385 2696 1479 2745 τὸν
1505 2696 1550 2745 δ’
1577 2688 1671 2747 οὖν

167 2772 432 2821 Διόνυσόν
470 2789 603 2834 φασι
639 2773 938 2821 κολάσαντα
975 2772 1070 2836 μὲν
1107 2772 1229 2830 τούς
1265 2771 1484 2836 ἀσεβεῖς,
1521 2774 1670 2823 ἐπιει-

167 2853 271 2909 κῶς
318 2849 372 2899 δὲ
419 2851 834 2916 προσενεχθέντα
881 2858 993 2909 τοῖς
1040 2848 1219 2912 ἄλλοις
1258 2848 1577 2916 ἀνθρώποις,
1613 2852 1669 2901 ἕκ
